5125 6525
261 411 333 488 aaa
527 358 552 492 ,’
765 408 1262 485 vn·oouenun1an1a
1286 408 1600 483 nnunurlons
1623 409 1786 484 nano.
2080 440 2083 443 <
2213 412 2290 489 aaa

260 582 396 663 tentia,
433 593 473 650 ιιι
506 575 616 648 homo
643 593 697 650 est
721 583 856 649 animal
881 583 1131 654 intellectuale.
1189 582 1248 651 sie
1300 594 1335 650 ει
1350 583 1465 650 forma
1483 581 1636 649 conflata
1654 594 1725 664 est,
1751 576 1842 649 nibil
1856 582 2015 663 interest,
2041 593 2183 671 praeter
2198 582 2289 670 lign-

261 684 374 752 virtus
397 693 448 751 est
473 683 629 750 adlectus
658 685 784 764 bonus.
842 682 977 753 Vitium
1010 697 1062 753 est
1090 684 1247 753 adlectus
1298 707 1377 751 ram
1401 684 1588 754 sermonis.
1647 681 1745 775 Quid
1766 683 1861 752 enim
1886 682 1982 750 aliud
2009 694 2061 751 est
2088 682 2287 752 substantia

260 786 387 853 malus.
447 782 572 852 Partes
602 783 696 851 enirn
729 786 900 854 essentiae
926 786 1022 854 iuxta
1046 786 1247 876 proprieta-
1299 808 1485 874 corporea,
1511 784 1668 853 animata
1686 785 1853 866 sentiens,
1879 783 2140 866 intellectualis,
2163 807 2286 877 qnam,

261 898 332 955 tem
348 884 536 965 sermonis,
561 898 644 954 sunt
657 909 767 975 genus
783 898 818 954 et
835 888 1047 956 differentia.
1098 885 1247 955 Boetius
1298 888 1396 978 quod
1412 887 1649 977 compositum
1667 899 1721 956 est
1737 910 1780 956 ex
1796 907 1967 976 corpore,
1994 898 2030 954 et
2044 885 2164 953 anima
2181 885 2287 953 intel·

262 989 395 1057 relerre
419 999 538 1055 censet
560 986 614 1078 (id
637 989 735 1080 quod
760 1002 795 1056 et
810 1013 879 1079 ego.
890 991 1084 1057 admodum
1099 987 1246 1082 probo),
1298 987 1464 1056 lectuali?
1514 988 1663 1056 Abdidit
1681 989 1776 1057 enim
1792 1012 1866 1058 sese
1881 1000 2009 1055 natura
2028 985 2065 1053 in
2080 986 2286 1056 communia

262 1102 302 1158 ιιι
318 1111 337 1156 a
352 1111 493 1157 summo
508 1111 636 1176 genere
653 1113 717 1179 per
729 1089 947 1160 differentias
964 1091 1008 1157 ad
1026 1089 1187 1157 ultimam
1205 1112 1246 1156 ac
1299 1091 1475 1181 quaedam
1499 1091 1693 1172 vocabula,
1719 1102 1760 1160 ut
1781 1113 1911 1180 corpus
1931 1088 2111 1178 signemus
2124 1112 2189 1179 per
2203 1089 2287 1158 sub-

261 1190 446 1280 propriam
473 1213 585 1282 usque
615 1192 908 1282 progrediamur,
946 1191 996 1260 sic
1023 1192 1244 1259 deliniendo:
1296 1191 1465 1259 stantiam
1481 1214 1712 1282 corpoream,
1744 1191 1901 1260 animam
1928 1189 2201 1259 intellectualem
2226 1190 2287 1258 de·

242 1289 380 1359 ¹Homo
405 1304 458 1360 est
479 1292 697 1377 substantia,
728 1317 921 1384 corporea,
957 1293 1135 1377 animata,
1168 1314 1247 1362 sen·
1297 1292 1438 1383 signent
1452 1293 1612 1385 reliquae
1626 1304 1756 1384 partes.

262 1391 373 1475 tiens,
409 1393 665 1463 intellectualis.
728 1394 787 1463 Sic
812 1395 907 1464 enim
930 1394 1133 1464 rei·natura
1156 1394 1247 1461 inte·
1397 1394 1560 1463 Pertinet
1575 1390 1645 1463 huc
1661 1394 1796 1477 finitio,
1823 1418 1915 1488 quae
1933 1392 2089 1485 propriis
2105 1391 2287 1483 operibus,

263 1493 359 1583 grius
386 1506 421 1562 et
447 1494 644 1564 absolutius
676 1495 820 1565 videtur
842 1495 1013 1588 exprimi,
1051 1509 1158 1589 atque
1188 1490 1247 1563 hic
1298 1519 1359 1565 seu
1374 1495 1507 1567 effectis
1521 1508 1672 1579 constat,
1694 1521 1764 1589 qua
1781 1496 1922 1565 ratione
1940 1495 2087 1564 finiendi
2101 1489 2198 1563 baud
2215 1494 2286 1562 alia

261 1595 372 1679 vides,
394 1594 457 1687 qui
471 1597 518 1676 sit
531 1621 615 1667 usus
628 1599 1015 1687 praedicamentorum,
1038 1621 1129 1692 quae
1144 1620 1247 1688 prae·
1298 1598 1482 1686 vulgatior
1508 1610 1579 1681 εει,
1603 1610 1663 1681 ιιι,
1688 1596 1750 1665 Sol
1772 1609 1825 1666 εει
1845 1610 1950 1666 autor
1971 1597 2061 1680 diei,
2087 1595 2164 1666 dies
2188 1594 2286 1663 enim

261 1697 483 1788 scripsimus,
524 1720 674 1788 nempe,
715 1711 757 1767 ut
784 1700 1012 1791 suppeditent
1041 1699 1246 1768 finitionum
1299 1712 1351 1768 est
1375 1724 1466 1791 opus
1487 1700 1584 1770 solis.
1641 1697 1777 1769 lustitia
1801 1710 1871 1780 est,
1904 1721 1996 1791 quae
2023 1722 2126 1768 suum
2157 1696 2285 1790 cuique

233 1798 464 1885 materiam.
514 1797 561 1867 Et
580 1794 650 1868 hoc
673 1800 818 1892 quidem
833 1802 982 1871 liniendi
998 1826 1145 1893 genere,
1170 1824 1246 1869 non
1297 1801 1435 1871 tribuit.
1486 1801 1599 1870 Suum
1615 1801 1741 1894 cuique
1760 1800 1935 1883 tribuere,
1961 1810 2013 1870 est
2028 1797 2216 1891 proprium
2232 1797 2287 1868 iu·

261 1901 343 1969 licet
362 1901 504 1989 evagari
519 1914 617 1969 extra
634 1904 961 1992 praedicamentum
978 1905 1034 1988 id,
1059 1927 1132 1997 quo
1150 1926 1247 1971 com·
1297 1900 1414 1972 stitiae
1429 1903 1597 1974 officium.

261 1997 498 2092 prehenditur
525 2003 686 2087 finitum,
725 2006 787 2075 sed
817 2006 974 2076 eiusdem
1000 2007 1188 2096 generibus
1212 2016 1249 2073 ει
1402 2004 1657 2095 Temperantia
1679 2015 1732 2073 est
1753 2002 1904 2072 rationis
1922 2001 1960 2069 in
1978 2000 2163 2070 libidinem
2179 2012 2287 2093 atque

262 2103 471 2173 differentiis
484 2104 631 2173 utimur.
682 2105 757 2176 Nec
772 2109 943 2178 essentiae
957 2109 1073 2176 finitio
1088 2120 1159 2190 est,
1184 2105 1248 2175 ubi
1298 2107 1337 2175 in
1353 2107 1443 2178 alios
1457 2131 1533 2177 non
1547 2120 1664 2178 rectos
1681 2106 1835 2196 impetus
1853 2103 1964 2172 animi
1978 2105 2081 2172 firma
2104 2116 2140 2172 ει
2162 2104 2287 2171 mode·

263 2229 306 2275 ex
319 2204 468 2275 diversis
479 2205 669 2276 'ordinibus
687 2209 857 2301 quiddam
881 2210 1093 2280 contexitur.
1145 2207 1248 2277 Hanc
1298 2221 1377 2279 rata
1407 2210 1619 2278 dominatio.
1689 2207 1783 2279 Nam
1808 2208 1987 2297 imperare
2016 2204 2178 2300 libidini,
2209 2204 2286 2271 offi-

219 2377 221 2379 ,
261 2306 410 2375 finiendi
437 2308 616 2377 rationem
645 2310 796 2382 crassius
825 2314 1049 2402 exprimunt,
1083 2312 1248 2405 quinon
1299 2310 1393 2379 cium
1414 2324 1467 2381 est
1493 2309 1763 2402 temperantiae.
1820 2307 1999 2377 Retulerit
2022 2330 2107 2397 ergo
2130 2307 2169 2374 in
2196 2329 2286 2399 qno·

261 2420 335 2477 tam
351 2410 548 2490 sermonis,
574 2433 683 2502 quam
699 2426 849 2482 naturae
866 2414 1042 2482 rationem
1063 2407 1248 2495 habentes,
1300 2436 1441 2504 cunque
1462 2408 1621 2480 themate
1642 2422 1802 2501 spectare
1826 2409 1901 2477 eins
1922 2409 2117 2499 genuinum
2143 2419 2179 2477 et
2202 2430 2287 2498 pro·

260 2510 403 2591 liniunt,
425 2510 570 2601 proprie
586 2514 717 2597 notatis
731 2514 893 2603 partibus
908 2515 973 2598 rei,
996 2528 1047 2597 ut,
1068 2509 1179 2581 bomo
1196 2526 1248 2582 est
1299 2513 1418 2605 prium
1454 2514 1621 2583 officinm.
1678 2511 1805 2604 Neque
1838 2510 1934 2579 enim
1961 2510 2077 2579 solum
2105 2508 2287 2578 finitiones

262 2612 361 2704 qnod
384 2600 522 2681 constat
545 2636 587 2683 ex
613 2626 764 2705 corpore
792 2627 827 2683 et
857 2616 976 2685 anima
1006 2614 1247 2685 intellectuali.
1299 2611 1384 2684 hinc
1415 2626 1604 2707 petuntur,
1650 2616 1711 2685 sed
1746 2613 2034 2704 comparationes
2072 2607 2287 2693 rhetoricae,

262 2712 364 2805 Quae
384 2712 500 2781 {initio
516 2716 562 2783 ad
583 2738 722 2787 caussas
740 2717 919 2808 pertinere
939 2719 1092 2787 videtur.
1300 2717 1683 2810 amplificationesque‚
1715 2727 1756 2784 ιιι
1785 2716 1880 2806 apud
1912 2714 2065 2784 Paulum
2101 2715 2146 2781 ad
2178 2710 2286 2781 Rom.

363 2811 565 2885 Secundum
593 2817 743 2887 finiendi
767 2843 898 2910 genus,
932 2819 1092 2890 definitio
1117 2818 1248 2889 caussis
1299 2842 1378 2910 cap.
1402 2834 1488 2890 vm.
1522 2817 1799 2909 amplificatione
1832 2811 2093 2907 pulcherrima,
2132 2836 2287 2907 vereque

262 2926 448 2998 constans,
475 2919 668 2989 caussalem
693 2922 799 3012 vulgo
813 2936 955 3006 vocant,
981 2935 1088 3016 atque
1103 2917 1191 2990 haec
1207 2932 1249 2989 ut
1297 2916 1471 3004 Paulina,
1498 2922 1732 2990 conferuntur
1748 2918 1893 3010 spiritus
1911 2931 1945 2987 et
1961 2941 2057 2989 caro.
2109 2916 2288 2986 Petuntur

261 3016 424 3108 proxime
450 3022 586 3090 accedit
607 3023 653 3089 ad
676 3023 917 3107 essentialem,
958 3024 1006 3093 ita
1032 3047 1108 3094 non
1137 3022 1246 3113 paulo
1299 3022 1385 3091 item
1416 3017 1501 3091 hinc
1527 3021 1705 3091 formulae
1729 3032 2023 3111 argumentorum
2046 3019 2084 3088 in
2105 3017 2287 3102 suasoriis,

262 3119 446 3209 vulgatior
466 3135 517 3191 est
539 3122 736 3206 essentiali,
767 3119 835 3194 hac
859 3126 897 3220 in
925 3127 1050 3217 primis
1071 3121 1248 3194 Rhetores
1298 3118 1461 3208 bonesti,
1487 3148 1529 3192 ac
1542 3122 1719 3193 utilitatis.
1760 3122 1889 3191 Ferme
1904 3123 2091 3191 effectuum
2106 3120 2288 3191 finitiones

262 3220 387 3290 crebro
412 3235 573 3303 utuntur.
631 3225 683 3295 Ut
705 3250 847 3298 caussae
878 3240 1034 3321 quatuor
1064 3240 1165 3310 sunt,
1196 3228 1246 3295 ita
1299 3225 1491 3318 aproprio
1514 3234 1705 3318 petuntur,
1735 3237 1776 3294 ut
1795 3218 1905 3292 homo
1931 3222 2064 3292 animal
2085 3234 2155 3306 εει,
2189 3222 2288 3316 quod

262 3324 485 3416 quadruplex
499 3327 615 3396 forma
633 3329 781 3396 finiendi
796 3329 914 3423 est¹⁷).
949 3329 1136 3410 Efficiens,
1161 3326 1247 3396 Per·
1298 3351 1463 3398 sermone
1492 3328 1625 3411 utitur,
1657 3327 1701 3395 de
1730 3325 1860 3420 quibus
1885 3326 2097 3418 paulopost
2119 3324 2285 3396 suoloco

261 3448 370 3508 sona,
403 3450 466 3498 seu
486 3452 543 3499 res
567 3428 720 3511 faciens,
752 3441 794 3498 ut
817 3442 919 3521 pater
945 3430 1092 3521 gignens
1120 3428 1246 3501 filiurn.
1297 3429 1461 3522 pluribus
1480 3452 1636 3520 agemus.

260 3524 414 3595 Materia
447 3541 519 3610 est,
552 3552 595 3598 ex
627 3553 697 3622 qua
721 3531 762 3597 fit
786 3530 990 3623 quippiam,
1025 3544 1067 3600 ut
1086 3555 1128 3600 ex
1148 3531 1245 3621 ligno
1400 3530 1564 3599 Tertium
1581 3530 1728 3599 finiendi
1745 3553 1868 3622 genus,
1888 3527 2048 3598 definitio
2065 3552 2158 3623 quae
2174 3552 2286 3598 mem-

261 3651 398 3711 mensa,
412 3651 467 3696 <er
484 3653 605 3719 panno
621 3630 738 3702 vestis.
770 3629 904 3701 Forma
923 3645 987 3717 est,
1013 3657 1082 3727 qua
1099 3633 1247 3724 politur,
1269 3656 1273 3691 ι
1296 3632 1362 3702 bra
1388 3633 1441 3701 rei
1464 3630 1692 3729 explicat¹⁸),
1718 3645 1759 3702 ut
1773 3656 1902 3723 corpus
1916 3627 2074 3702 bominis
2089 3644 2161 3717 est,
2187 3635 2287 3727 quod

262 3729 530 3822 adornaturque
559 3732 728 3817 materia,
759 3745 800 3804 ut
830 3734 937 3806 vestis
961 3736 1100 3816 forma,
1136 3758 1245 3830 quam
1298 3747 1437 3805 constat
1452 3735 1587 3826 capite,
1612 3731 1792 3819 humeris,
1815 3733 1998 3816 manibus,
2024 3747 2160 3818 ventre,
2187 3736 2286 3827 pedi-

260 3853 403 3921 pannus
426 3845 593 3905 consutus
615 3835 734 3904 relert.
784 3835 883 3906 Finis
907 3849 978 3920 est,
1010 3837 1123 3928 gratia
1147 3837 1246 3908 cuius
1297 3838 1374 3906 bus.
1425 3833 1467 3904 ln
1492 3833 1587 3908 bunc
1611 3838 1780 3919 modum,
1806 3861 1884 3906 cum
1910 3837 2020 3907 resin
2043 3838 2203 3906 membra
2221 3863 2285 3909 sua

248 3931 398 4024 ⁸aliquid
412 3935 464 4016 fit,
487 3947 527 4004 ut
544 3960 695 4029 corpora
714 3950 922 4008 exercentur
936 3940 1150 4009 valetudinis
1167 3962 1246 4030 gra·
1298 3939 1531 4029 discerpitur,
1556 3938 1700 4009 finimus
1719 3962 1784 4030 per
1804 3938 2057 4030 partitionem,
2090 3952 2132 4008 ut
2153 3938 2183 4011 si
2206 3941 2286 4034 quis

262 4032 325 4104 tia.
383 4031 459 4103 lam
483 4037 620 4122 licebit,
646 4039 869 4110 definitiones
893 4041 1073 4133 concipias
1097 4065 1140 4109 ex
1161 4064 1246 4125 una,
1296 4038 1355 4112 lus
1377 4041 1479 4109 civile
1501 4041 1539 4108 id
1560 4066 1633 4111 esse
1654 4041 1767 4125 dicat,
1804 4043 1902 4134 quod
1925 4042 1963 4110 in
1988 4043 2144 4133 legibus,
2175 4039 2285 4111 Sena·

260 4133 468 4226 pluribusve
496 4141 648 4225 caussis,
681 4154 721 4211 ut
750 4166 793 4210 ex
815 4143 1005 4212 efficiente:
1046 4143 1169 4212 Virtus
1194 4155 1247 4214 est
1297 4141 1544 4225 tusconsultis,
1573 4145 1678 4213 rebus
1699 4142 1883 4226 iudicatis,
1912 4142 2198 4234 iurisperitorum
2223 4168 2285 4213 au-

263 4237 408 4308 affectus
430 4241 601 4313 divinitus
622 4242 826 4334 inspiratus.
886 4245 1040 4316 Caussae
1063 4245 1246 4317 efficientis
1298 4245 1465 4328 toritate,
1491 4245 1613 4315 edictis
1633 4244 1923 4334 magistratuum,
1957 4269 2078 4327 more,
2105 4243 2284 4337 aequitate

260 4333 350 4407 haec
373 4341 489 4411 finitio
510 4356 580 4428 est,
604 4368 686 4412 nam
708 4370 772 4436 per
786 4359 948 4416 autorem
963 4372 1066 4418 suum
1084 4348 1245 4417 describo
1298 4346 1469 4416 consistit.

263 4439 443 4512 virtutem.
506 4443 562 4515 Ex
595 4448 745 4515 materia
773 4460 808 4516 ει
832 4449 968 4533 forma,
1002 4462 1042 4519 ut
1067 4449 1169 4540 panis
1195 4461 1247 4520 est
1400 4449 1578 4540 Quartum
1602 4446 1750 4515 liniendi
1771 4470 1899 4537 genus,
1933 4446 2093 4516 definitio
2118 4457 2283 4519 constans

264 4556 402 4612 coctum
422 4545 592 4638 quiddam
612 4549 808 4632 calatino,
832 4551 949 4619 farina
974 4551 1160 4634 materies,
1188 4575 1246 4620 co·
1299 4548 1539 4619 accidentibus
1555 4547 1623 4642 ¹¹³),
1665 4549 1727 4618 ubi
1758 4550 1891 4618 multae
1918 4549 2117 4619 adsciticiae
2145 4550 2283 4620 formae

242 4656 357 4743 'ctum
380 4648 495 4716 forma
521 4662 602 4740 est„
635 4648 690 4719 Ex
715 4652 803 4735 fine,
836 4665 876 4721 ut
900 4655 1028 4724 domus
1051 4666 1120 4736 est,
1154 4676 1246 4747 quae
1298 4675 1374 4720 rem
1399 4651 1595 4745 quanpiam
1621 4651 1844 4733 describunt,
1874 4663 1915 4720 ut
1930 4651 2029 4721 Mors
2044 4650 2168 4720 ultima
2188 4652 2283 4721 linea

263 4771 329 4815 nos
353 4750 398 4817 ab
420 4750 552 4820 iniuria
579 4765 827 4843 tempestatum
855 4755 1024 4825 vindicat.
1073 4755 1246 4824 Materiae
1297 4777 1442 4838 rerum,
1475 4754 1511 4821 in
1542 4749 1598 4823 his
1627 4754 1750 4821 crebro
1779 4753 1915 4822 utimur
1937 4778 2065 4844 genere
2090 4779 2169 4823 cum
2194 4753 2283 4822 acci-

261 4848 476 4944 formaeque¹
492 4854 606 4922 linitio
628 4856 822 4924 essentialis
843 4870 905 4927 est.
957 4857 1025 4928 sed
1044 4861 1248 4927 maluerunt
1271 4880 1275 4961 ι
1298 4857 1423 4940 dente,
1448 4869 1488 4926 ιιι
1502 4855 1665 4948 Halcyon
1680 4855 1755 4925 avis
1771 4866 1823 4924 est
1836 4856 1944 4944 paulo
1961 4854 2116 4948 amplior
2130 4880 2282 4948 passere,

263 4948 450 5021 Dialectici
465 4980 592 5025 vocare
610 4958 852 5041 essentialem,
877 4984 968 5053 quae
984 4983 1111 5049 genere
1131 4973 1166 5029 et
1181 4961 1247 5028 dil·
1272 4971 1275 5002 ²
1298 4957 1418 5027 colore
1441 4960 1603 5028 caeruleo
1628 4982 1671 5027 ex
1693 4969 1795 5049 parte
1810 4957 1968 5042 maiore,
1993 4971 2132 5027 tantum
2148 4982 2283 5050 purpu-

262 5053 421 5124 serentiis
437 5071 555 5146 partes
570 5073 717 5128 naturae
733 5073 894 5140 notaret;
921 5063 1134 5144 caussalem,
1155 5086 1247 5156 quae
1271 5024 1275 5132 l
1298 5060 1369 5130 reis
1390 5074 1425 5130 et
1448 5060 1608 5130 candidis
1632 5059 1798 5130 admixtis
1818 5061 1966 5150 pennis,
1991 5059 2082 5128 collo
2099 5060 2223 5152 gracili
2242 5084 2284 5130 ac

264 5154 557 5229 suisnominibus
574 5185 688 5232 crasse
706 5176 824 5253 partes
847 5164 1072 5255 exprimeret.
1124 5164 1247 5234 Caete-
1271 5150 1275 5195 ³
1297 5187 1468 5256 procero,
1503 5175 1569 5233 etc.
1629 5160 1739 5231 Larix
1768 5162 1902 5253 lignum
1928 5174 1980 5233 est
2001 5162 2282 5269 mellsiffioloris¹

263 5281 366 5339 rum,
393 5257 486 5327 inter
507 5263 727 5332 essentialem
751 5277 786 5334 et
807 5289 903 5348 eam,
929 5290 1020 5358 quae
1038 5289 1080 5335 ex
1098 5267 1246 5336 materia
2142 5258 2144 5267 ¹

274 5436 463 5450 -n———..

1335 5449 1382 5512 ¹8)
1399 5452 1500 5503 annot.
1511 5461 1615 5516 anseg:
1637 5449 1767 5502 Detnttto
1785 5462 1819 5500 ex
1836 5449 1964 5503 uentris
1983 5449 2030 5518 (tn
2045 5449 2096 5502 Ed.
2109 5451 2134 5503 Ι.
2148 5450 2216 5500 huo
2227 5459 2282 5500 ιιι-

301 5529 347 5594 tt)
366 5534 467 5584 annot
486 5543 589 5596 urg:
619 5536 662 5585 lx
684 5537 802 5599 quatuor
824 5535 934 5588 εειιεειε
951 5537 1120 5601 quadruplex
1136 5537 1248 5590 totentt
1369 5522 1428 5573 ¹⁰⁸·
1444 5518 1558 5584 ‘mid

334 5599 414 5650 mtto.
1335 5602 1383 5670 tt)
1400 5606 1501 5659 Διεει,
1518 5615 1623 5670 ιαμ
1648 5604 1778 5656 Ιιειιιιιο
1796 5615 1832 5654 ex
1848 5603 2042 5655 εοειιιειιιιιιιε.

265 5680 448 5748 mars.
469 5681 577 5748 om.
609 5685 696 5751 vn.
715 5686 790 5752 xx.
1822 5673 1871 5744 46
