5125 6525
275 433 352 506 097
856 425 901 497 v.
955 424 1020 494 ur
1048 423 1186 496 uocis
1213 420 1538 496 connuuusos
1563 425 1726 501 uarro.
2005 379 2008 386 ’
2194 494 2196 497 .
2236 440 2312 513 aaa

275 629 342 696 pus
360 605 404 670 de
420 600 635 693 prodigiosis
652 603 802 668 deorum
824 597 994 681 cultibus,
1022 621 1062 665 ac
1083 598 1127 666 de
1153 596 1269 666 diver·
1323 596 1403 666 sim.
1455 595 1661 668 Notandum
1679 588 1724 668 ad
1740 596 1846 684 haec,
1872 602 1902 671 si
1923 603 2009 695 quid
2032 608 2172 699 uspiam
2196 612 2239 678 de
2259 612 2313 681 iu-

277 730 396 777 sarum
417 705 575 794 gentium
593 703 744 776 diversis
770 701 993 770 ceremoniis.
1045 699 1109 768 Est
1134 697 1270 769 adhaec
1322 700 1418 769 stitia
1434 699 1572 790 insigne
1588 702 1755 772 dixerunt
1769 715 1916 794 poetae,
1952 707 2063 777 sicubi
2090 705 2248 801 epitheto
2273 713 2315 780 il-

277 809 489 877 accersenda
511 806 618 874 etiam
642 807 727 875 fides
745 805 783 871 in
806 803 961 886 amicos,
989 802 1026 868 in
1049 796 1188 885 hostes,
1215 815 1269 870 to·
1322 802 1425 870 lustri
1440 815 1675 888 notaverunt,
1699 818 1740 873 ut
1756 811 1938 898 quomodo
1953 833 2031 878 eam
2049 812 2137 881 dixit
2147 810 2315 905 Orpheus

277 910 459 1003 tidemque
481 911 524 977 de
546 909 707 999 perfidia.
757 904 845 974 Item
865 907 910 976 sit
926 905 1049 974 titulus
1064 903 1269 973 Benebcen·
1322 901 1546 999 ἄθραυστον
1569 902 1612 977 τὸ
1630 901 1808 989 συνειδός.
1859 907 1934 977 Iam
1953 916 2315 1007 sententiaediligen-

250 1010 382 1104 ·²·tia⁸).
441 1010 533 1080 Huic
557 1035 636 1080 cum
662 1033 743 1080 suas
764 1008 897 1099 species
920 1008 1130 1090 subieceris,
1159 1019 1269 1076 restat
1322 1015 1377 1073 te‘r
1402 1011 1666 1077 coacervandae
1691 1023 1792 1092 sunt,
1827 1036 2089 1109 nonnunquam
2115 1021 2160 1085 ad
2184 1020 2314 1088 descri-

277 1113 478 1204 gratitudo,
521 1138 595 1182 non
619 1114 678 1181 illa
706 1112 851 1205 quidem
872 1107 956 1178 huic
986 1110 1161 1192 subiecta,
1204 1133 1269 1177 nec
1320 1109 1491 1192 bendum,
1512 1114 1696 1203 quomodo
1712 1138 1796 1183 usus
1812 1113 1858 1182 sit
1872 1128 1977 1185 autor
1991 1121 2180 1204 sententia,
2207 1147 2314 1216 equa

277 1240 421 1284 rursum
439 1216 639 1299 contraria,
667 1216 729 1285 sed
747 1210 964 1295 adhaerens,
992 1237 1081 1305 eque
1100 1235 1140 1279 ea
1158 1212 1269 1280 veluti
1321 1209 1466 1301 petitur.
1517 1211 1642 1306 Neque
1659 1215 1753 1281 enim
1770 1218 1927 1307 proclive
1944 1233 1996 1289 est
2016 1222 2147 1305 cuivis,
2174 1238 2315 1294 senten-

278 1342 510 1411 consequens.
563 1317 746 1387 Virtutum
763 1341 804 1384 ac
826 1316 996 1385 vitiorum
1017 1315 1180 1384 ordinem
1201 1313 1268 1383 sibi
1320 1313 1390 1381 tias
1422 1315 1685 1409 proverbiaque
1713 1318 1762 1386 sie
1792 1345 1984 1410 usurpare,
2022 1337 2063 1392 ut
2094 1349 2196 1393 suam
2225 1328 2315 1395 rele-

278 1420 429 1513 quisque
458 1444 523 1490 suo
551 1422 662 1510 fingat
687 1419 856 1502 arbitrio,
897 1431 959 1488 aut
981 1442 1024 1486 ex
1045 1412 1269 1509 philosophis
1321 1429 1406 1483 rant
1420 1416 1561 1487 faciem.
1622 1417 1748 1509 Qualis
1772 1434 1824 1489 est
1848 1422 1908 1491 illa
1925 1421 2146 1516 Theognidis
2172 1414 2312 1519 poetae]

277 1534 386 1613 petat.
451 1522 548 1591 Utile
581 1522 767 1593 consilium
804 1534 876 1604 est,
920 1522 1018 1615 quod
1043 1543 1150 1611 supra
1175 1519 1269 1601 dedi,
1321 1515 1457 1587 lustitia
1474 1519 1512 1586 in
1528 1543 1601 1589 sese
1615 1521 1784 1590 virtutem
1800 1527 2046 1615 complectitur
2064 1552 2220 1614 omnem,
2243 1539 2346 1625 qua'

280 1627 493 1694 exercendos
522 1626 561 1693 in
582 1626 670 1697 locis
694 1625 944 1696 communibus
967 1647 1095 1716 genere
1120 1622 1269 1691 didacti-
1322 1619 1438 1691 sicuti
1458 1621 1580 1707 liceat,
1607 1635 1647 1691 ut
1661 1635 1712 1692 est
1727 1648 1812 1695 usus
1831 1626 1870 1692 in
1886 1630 2083 1700 moralibus
2100 1631 2313 1704 Aristotelis.
2377 1618 2379 1620 ¹

279 1725 380 1821 ποθ),
420 1727 584 1811 iuvenes,
625 1740 665 1798 ut
688 1727 912 1819 singulorum
931 1726 1098 1797 naturam
1124 1726 1269 1821 vimque
1321 1723 1513 1815 Exempla,
1539 1737 1580 1794 ut
1595 1737 1646 1794 est
1659 1725 1803 1794 Camilli
1817 1730 1861 1796 de
1875 1729 2096 1802 Faliscorum
2116 1735 2314 1823 proditore,

277 1828 424 1920 proprie
446 1829 728 1927 perspiciant¹⁰).
793 1830 995 1902 Plurimum
1018 1856 1061 1901 ex
1083 1855 1125 1901 eo
1150 1830 1270 1901 studio
1320 1826 1426 1897 Bruti
1452 1830 1495 1897 de
1518 1828 1693 1922 Aquiliis,
1727 1829 1855 1898 Manlii
1879 1834 1923 1902 de
1945 1834 2038 1918 filio,
2070 1837 2168 1930 quod
2189 1849 2315 1907 contra

277 1931 401 1999 iudicii
412 1930 458 2027 ¹¹)
488 1934 713 2026 comparari,
754 1938 784 2004 si
813 1938 959 2028 quando
990 1936 1027 2002 in
1058 1932 1270 2003 sublimibus
1322 1931 1514 2021 imperium
1538 1944 1742 2022 pugnasset.
1808 1933 1872 2004 His
1898 1937 1960 2029 qui
1991 1930 2200 2008 instruxerit
2227 1963 2341 2022 sese,-

278 2037 457 2124 agendum
484 2036 547 2120 sit,
580 2049 620 2105 ut
641 2038 681 2105 in
705 2032 883 2129 theologia
894 2037 962 2136 ¹²),
1000 2036 1271 2132 quidallectus,
1322 2030 1469 2103 habehit
1501 2037 1598 2128 quod
1628 2034 1832 2126 suppeditet
1862 2040 1909 2106 ad
1938 2040 2078 2132 copiam
2108 2065 2248 2131 semper
2276 2041 2316 2108 in
2412 2034 2417 2042 ⁴

279 2137 364 2231 quid
390 2138 523 2222 virtus,
564 2138 651 2232 quid
675 2139 823 2220 vitium;
867 2140 906 2208 in
930 2142 1008 2211 iure
1033 2139 1147 2225 civili,
1183 2140 1271 2233 quid
1322 2130 1515 2229 promptu,
1541 2137 1570 2206 si
1588 2139 1835 2232 qualecunque
1860 2141 2025 2211 inciderit
2050 2156 2315 2233 argumentum,

278 2240 432 2324 iustitia,
458 2241 546 2335 quid
567 2236 870 2338 ἅκριβοδικαῒογ,
906 2244 994 2337 quid
1017 2240 1177 2325 ἐπιεικές.
1229 2239 1271 2309 In
1323 2241 1361 2307 in
1376 2240 1531 2334 aliquem
1546 2240 1707 2308 locorum
1728 2244 1971 2313 communium
1990 2247 2155 2337 pluresve
2171 2247 2314 2329 referat,

277 2342 436 2434 singulos
465 2358 583 2414 autem
614 2346 712 2415 locos
745 2345 927 2436 pertinent
958 2346 1166 2429 fruitiones,
1211 2346 1271 2412 de·
1322 2355 1364 2412 ut
1378 2342 1503 2411 Cicero
1517 2343 1779 2411 restitutionem
1797 2343 1979 2430 Marcelli,
2013 2348 2314 2431 inclementiam,

276 2446 507 2536 scriptiones,
531 2451 748 2532 sententiae,
774 2461 810 2517 et
825 2450 987 2541 exempla
1002 2448 1184 2532 fabulosa,
1209 2471 1271 2516 seu
1323 2445 1361 2511 in
1376 2468 1446 2537 qua
1463 2444 1702 2534 praedicanda
1719 2446 1789 2514 dici
1807 2470 1881 2515 non
1898 2462 2017 2538 potest
2038 2474 2147 2543 quam
2173 2452 2315 2542 elegan-

276 2544 459 2620 historica.
511 2551 562 2621 Ut
575 2554 606 2624 si
620 2553 754 2624 iustitia
769 2553 893 2622 titulus
916 2552 983 2637 sit,
1007 2551 1075 2620 erit
1096 2551 1172 2621 eius
1192 2549 1272 2617 lini·
1323 2560 1378 2615 ter
1400 2559 1572 2616 versetur.
1627 2546 1778 2617 Causam
1800 2545 1952 2620 Archiae
1975 2551 2058 2619 lecit
2081 2553 2223 2621 laudem
2248 2548 2315 2621 hu·
2432 2639 2435 2648 Ι

276 2651 348 2721 tio:
373 2648 511 2725 lustitia
528 2670 591 2739 est,
619 2681 688 2750 qua
706 2656 846 2751 cuique,
868 2658 967 2749 quod
983 2680 1087 2724 suum
1105 2667 1168 2737 est,
1191 2654 1271 2722 red·
1323 2648 1518 2719 manitatis.
1562 2648 1658 2720 Haec
1676 2653 1719 2719 de
1736 2650 1823 2722 locis
1840 2654 2091 2725 communibus
2107 2656 2203 2724 satis.
2244 2653 2315 2724 Ne·

277 2757 386 2830 ditur.
452 2756 674 2851 Descriptio,
714 2758 830 2854 qualis
854 2771 907 2829 est
928 2759 1023 2850 apud
1047 2757 1204 2827 Gellium
1229 2780 1272 2825 ex
1324 2778 1393 2847 que
1416 2777 1501 2822 vero
1525 2765 1628 2844 putes
1651 2779 1711 2824 eos
1736 2767 1869 2825 temere
1899 2757 2073 2848 confingi,
2113 2782 2155 2826 ex
2179 2756 2315 2825 intimis

277 2858 501 2954 Chrysippo,
533 2875 595 2932 aut
619 2864 716 2954 apud
731 2862 948 2945 Hesiodum,
973 2860 1159 2951 Virginem
1185 2883 1271 2944 esse,
1323 2867 1474 2925 naturae
1502 2856 1644 2927 sedibus
1674 2859 1767 2928 eruti
1794 2860 1932 2929 formae
1962 2873 2046 2931 sunt
2076 2884 2139 2929 seu
2171 2860 2314 2950 regulae

278 2989 453 3057 apparere
475 2967 522 3033 ad
537 2963 632 3036 lovis
651 2966 821 3037 tribunal.
874 2963 1102 3035 subiicienda
1125 2963 1269 3032 interim
1324 2959 1486 3030 omniurn
1511 2983 1645 3031 rerum.

278 3082 314 3137 et
336 3069 429 3172 ratio
440 3066 486 3162 ¹⁸)
510 3069 777 3153 fabulosorum,
818 3092 881 3138 seu
910 3062 1152 3160 mythologia,
1195 3089 1271 3135 non
1425 3062 1595 3156 Sequitur
1624 3086 1720 3132 nunc
1753 3063 1915 3134 locorum
1941 3066 2169 3159 quorundam
2196 3063 2315 3144 iudex,

277 3172 338 3240 illa
358 3172 503 3267 quidem
522 3172 687 3266 imperite
705 3182 767 3242 aut
783 3183 916 3241 temere
940 3174 1110 3255 conficta,
1143 3172 1206 3241 sed
1230 3194 1272 3240 ex
1324 3190 1464 3256 semper
1483 3165 1678 3235 astudioso
1696 3166 1978 3256 locupletandus.
2027 3166 2143 3258 Quem
2160 3164 2244 3232 olim
2260 3163 2312 3232 M.

277 3276 407 3345 illustri
423 3277 544 3371 aliquo
566 3291 692 3347 autore
710 3276 841 3367 petita,
861 3288 903 3345 ut
925 3277 956 3345 si
971 3273 1129 3346 Iustitiae
1146 3273 1273 3343 Hesio·
1323 3270 1452 3339 Petrus
1464 3268 1680 3351 Fladrunus,
1701 3293 1744 3337 ex
1759 3268 1971 3358 Brisgaudia
1982 3264 2174 3339 Vualkilch
2192 3268 2314 3336 oriun-

279 3378 479 3473 dianam¹⁴)
508 3380 784 3475 descriptionem
816 3403 858 3446 er
877 3376 1030 3446 Platone
1057 3380 1100 3447 de
1124 3377 1273 3467 legibus,
1325 3375 1404 3455 dus,
1426 3373 1566 3442 aedium
1583 3371 1787 3462 Sapientiae
1800 3371 1969 3463 Friburgi
1984 3373 2162 3455 alumnus,
2184 3368 2315 3460 linguis
2386 3462 2392 3470 ι

281 3507 437 3552 enarres.
488 3480 647 3552 Iustitiae
671 3494 723 3552 cst
746 3504 864 3551 comes
877 3478 1057 3562 Nemesis,
1090 3480 1273 3549 temerita-
1325 3475 1439 3545 tribus
1453 3474 1645 3566 praecipue
1662 3472 1833 3564 insignis,
1867 3489 1902 3544 et
1917 3488 2131 3567 praeceptor
2145 3497 2220 3542 uon
2239 3485 2313 3540 tam
2393 3501 2397 3515 ·

279 3586 325 3655 tis
351 3597 386 3652 et
407 3582 633 3674 arrogantiae
655 3583 863 3653 mortalium
887 3581 1039 3666 vindex,
1080 3582 1156 3653 eius
1186 3581 1272 3650 item
1325 3578 1570 3660 doctissimus,
1596 3601 1704 3671 quam
1730 3577 1837 3646 etiam
1862 3578 2107 3662 fidelissimus,
2134 3573 2316 3666 discipulis

282 3685 473 3776 descriptio
499 3689 674 3757 addenda.
728 3687 830 3758 Gerit
855 3686 949 3755 enim
970 3687 1070 3756 frena
1097 3698 1132 3754 et
1156 3709 1273 3755 amus-
1326 3681 1398 3752 suis
1428 3680 1648 3772 conscripsit.
1715 3679 1788 3771 Qui
1817 3693 2046 3772 praematura
2071 3690 2207 3761 morte,
2241 3699 2316 3744 ma·

1327 3812 1436 3879 gnum
1451 3784 1576 3854 aetatis
1592 3806 1676 3854 suae
1692 3795 1727 3851 et
1740 3795 1904 3852 tenerum
1920 3784 1994 3874 ipse
2010 3783 2214 3874 ingenium,
2240 3801 2317 3847 ma-

1158 3949 1160 3951 .
1326 3891 1424 3960 ximo
1442 3887 1698 3979 discipulorum
1713 3910 1899 3968 moerore,
1926 3899 1966 3955 ut
1981 3886 2112 3955 maiori
2129 3886 2328 3953 literarum

317 3984 349 4051 ⁸)
368 3986 428 4035 ¹¹⁰⁰
445 3995 543 4034 ⁰⁰m⁸¹¹
561 3982 590 4032 ³¹¹
608 3993 696 4046 marg.
714 3981 860 4044 “mistum
878 3980 932 4036 ⁰³²·
1327 3994 1482 4074 iactura,
1523 3992 1620 4059 velut
1643 3989 1682 4056 in
1703 3982 1812 4057 herba
1839 4002 1981 4060 euectus
2003 3990 2041 4056 in
2063 3986 2222 4057 Alsatiae
2245 3983 2305 4052 Ru
2391 3996 2393 4001 ’

317 4067 764 4202 „effigiem⁸1⁰Ed'm2‘3
793 4068 842 4118 Μ’
859 4067 935 4117 Μ’
954 4065 1108 4130 didu⁰fi⁰⁰⁵
1132 4065 1182 4115 Μ’
1198 4064 1274 4116 Μ’
1326 4098 1437 4165 beaco
1464 4092 1553 4161 obiit
1578 4095 1686 4160 Anno
1713 4089 1936 4164 M.D.XXV1.
1982 4090 2059 4160 XV.
2075 4090 2314 4159 Calendarum

320 4224 367 4290 ro)
387 4223 581 4342 perpiciant]
609 4222 651 4273 uo
667 4222 718 4273 ra.
733 4221 827 4287 lasea
851 4221 937 4277 rata.
949 4220 1044 4285 suaa,
1070 4218 1145 4270 asae.
1164 4219 1275 4283 perspi·
1326 4195 1586 4270 Novembrium
1601 4194 1661 4287 ¹⁶).

354 4306 438 4345 oeten
453 4333 458 4342 .

322 4380 352 4430 11
388 4378 482 4429 iudicii
514 4378 565 4430 Ed.
582 4376 658 4428 1533.
677 4375 779 4428 iudicio
2367 4404 2369 4406 -

322 4380 369 4530 123
387 4380 553 4529 aad]
1034 4461 1109 4511 ,a
1128 4443 1306 4570 maj
1365 4426 1558 4492 ³
1588 4419 2316 4487 ³

323 4549 794 4618 1ὓῐῑῑῑῑθῃῦἶω·ῙὸῧΗθθῧῗ·
1301 4577 1304 4605 ι
1399 4566 1580 4629 Subsequitur
1604 4567 1689 4616 ludex
1720 4566 1844 4614 locorum
1875 4562 2055 4613 communium
2084 4562 2109 4608 ta.
2132 4560 2152 4608 Ι.
2184 4557 2318 4622 onlnem,

322 4634 369 4701 14)
388 4636 600 4695 Hesiodlauam]
619 4636 702 4685 uuita.
717 4634 810 4701 1⁵³1„
831 4634 926 4700 1532,
945 4634 1021 4686 15³³.
1042 4632 1204 4685 Hesiodleui
1300 4647 1305 4674 ι
1399 4634 1498 4697 quippe
1516 4634 1562 4697 qut
1580 4647 1636 4685 nou
1652 4633 1855 4698 Meleutbonis,
1880 4633 1930 4680 sed
1947 4629 2081 4682 Fledruni
2099 4630 2152 4679 est.

288 3863 493 3881 Μ
