5125 6525
164 345 237 446 tot
360 335 363 341 ’
525 437 527 442 ,
804 323 948 411 'xcix
999 301 1274 411 anxuaura·
1300 336 1605 445 eumuna.x
1893 289 1911 313 ''
2122 338 2205 422 tot.

162 519 446 589 commodantes.
496 514 551 586 Ne
571 513 649 586 sitis
673 525 882 603 arrogantes
904 512 999 603 apud
1019 522 1158 582 vosmet
1209 534 1262 581 ea.
1329 507 1414 582 Non
1444 508 1488 579 de
1523 506 1690 578 omnibus
1716 506 1818 577 vobis
1839 508 1990 601 loquor,
2023 533 2088 600 ego
2111 508 2200 598 scio,

162 621 282 712 ipsos,
305 644 423 712 neque
440 618 608 712 cuiquam
626 616 762 687 malum
781 639 848 707 pro
873 615 969 683 malo
986 614 1156 683 reddatis.
1208 636 1299 704 quos
1332 611 1518 703 elegerim;
1563 612 1624 682 sed
1657 622 1698 680 ut
1728 611 1969 701 adimpleatur
2001 611 2198 703 scriptura:

160 722 319 793 Provide
350 732 517 814 parentes
546 716 694 789 honesta
718 720 756 787 in
779 729 972 809 conspectu
992 718 1155 784 omnium
1208 715 1281 807 Qui
1304 717 1378 784 edit
1400 739 1540 783 mecum
1563 736 1715 804 panem,
1755 713 1897 784 sustulit
1923 716 2112 784 adversum
2140 738 2198 784 me

162 821 678 913 hominum,·silieripotest;
705 820 943 915 quantumin
965 820 1067 890 vobis
1092 830 1156 901 est,
1208 819 1414 887 calcaneum
1440 843 1564 899 suum,
1598 839 1693 885 nunc
1716 816 1797 885 dico
1828 818 1948 898 vobis,
1986 817 2197 909 priusquam

163 953 244 997 cum
272 926 439 997 omnibus
462 921 671 995 hominibus
696 924 733 991 in
757 947 843 1014 pace
866 923 1045 1005 viventes,
1080 944 1156 989 non
1207 921 1290 1001 fiat,
1316 933 1373 1001 ut,
1399 944 1479 988 cum
1499 919 1776 1001 factumfuerit‚
1808 918 1979 1001 credatis,
2009 922 2106 1013 quod
2130 945 2196 1013 ego

163 1043 303 1100 vosmet
317 1029 414 1122 ipsos
429 1028 638 1101 ulciscentes
652 1027 793 1108 dilecti,
819 1025 906 1119 quin
930 1024 1049 1116 potius
1073 1024 1156 1092 date
1207 1046 1299 1092 sum.
1347 1026 1464 1092 Amen
1481 1046 1586 1090 amen
1602 1021 1681 1089 dico
1698 1021 1810 1103 vobis,
1839 1024 1900 1114 qui
1914 1023 2052 1113 recipit,
2074 1048 2198 1116 quem-

162 1133 282 1202 locum
296 1132 384 1220 irae.
436 1131 617 1221 Scriptum
635 1142 687 1200 est
701 1131 814 1199 enim:
842 1123 935 1195 Mihi
950 1128 1062 1210 ultio,
1089 1150 1155 1217 ego
1208 1147 1349 1218 cunque
1366 1125 1516 1206 misero,
1543 1150 1599 1191 me
1619 1124 1755 1214 recipit.
1808 1123 1880 1216 Qui
1898 1125 2198 1198 autemmereci-

163 1220 383 1326 rependam,
417 1235 504 1306 dicit
518 1230 707 1304 Dominus.
760 1231 797 1300 Si
822 1224 932 1321 igitur
953 1230 1065 1299 esurit
1088 1227 1155 1296 ini·
1207 1225 1279 1317 pit,
1306 1227 1551 1317 recipiteum,
1578 1228 1640 1320 qui
1657 1252 1713 1295 me
1731 1227 1838 1296 misit.
1878 1226 1967 1295 Cum
1986 1224 2197 1300 haecdixis-

164 1338 277 1406 micus
300 1349 402 1416 tuus,
429 1358 533 1426 pasce
558 1334 676 1413 illum;
713 1333 742 1403 si
766 1332 861 1415 sitit,
887 1334 932 1401 da
949 1331 1000 1399 illi
1017 1344 1155 1424 potum.
1209 1342 1263 1399 set
1292 1327 1407 1411 lesus,
1455 1330 1620 1398 turbatus
1651 1342 1704 1398 est
1730 1328 1858 1419 spiritu
1891 1341 1927 1397 et
1957 1343 2106 1402 testatus
2135 1345 2199 1417 est,

162 1438 242 1507 Hoc
268 1439 362 1506 enim
384 1437 414 1528 si
434 1437 580 1520 leceris,
615 1437 788 1507 carbones
813 1436 907 1526 ignis
929 1434 1157 1504 coacervabis
1209 1425 1387 1524 dixitque:
1420 1435 1536 1501 Amen
1551 1455 1654 1499 amen
1673 1432 1753 1499 dic'o
1769 1433 1890 1513 vobis,
1916 1435 2014 1526 quod
2040 1459 2132 1505 unus
2154 1459 2199 1503 ex

162 1543 201 1608 in
226 1555 332 1631 caput
355 1539 461 1609 illius.
528 1538 583 1611 Ne
609 1538 764 1609 vincaris
788 1538 906 1621 malo,
947 1536 1022 1609 imo
1054 1536 1156 1605 vince
1209 1535 1311 1603 vobis
1323 1534 1533 1624 proditurus
1548 1547 1599 1602 est
1614 1557 1682 1603 me.
1733 1533 1961 1624 Aspiciebant
1978 1560 2062 1627 ergo
2084 1561 2120 1607 se
2144 1538 2199 1606 in-

163 1645 260 1712 bono
282 1642 429 1711 malum.
1208 1638 1322 1706 vicem
1340 1636 1526 1727 discipuli,
1551 1632 1768 1706 haesitantes
1783 1638 1826 1704 de
1842 1660 1914 1728 quo
1932 1637 2075 1708 diceret.
2110 1639 2199 1710 Erat

1209 1752 1327 1808 autem
1351 1764 1443 1808 unus
1459 1763 1502 1807 ex
1524 1739 1705 1829 discipulis
1722 1735 1801 1807 lesu
1821 1740 2031 1811 recumbens
2055 1741 2093 1808 in
2118 1741 2200 1812 sinn

1209 1842 1338 1932 ipsius,
1364 1842 1536 1909 nimirum
1555 1841 1603 1922 is,
1629 1865 1733 1934 quem
1757 1841 1927 1931 diligebat
1941 1838 2054 1921 lesus;
2081 1844 2202 1915 innuit

1210 1969 1295 2035 ergo
1324 1939 1407 2012 huic
1428 1944 1554 2012 Simon
1582 1943 1727 2026 Petrus,
1762 1958 1802 2012 ut
1823 1944 2079 2030 sciscitaretur,
2120 1948 2201 2040 quis

266 2051 360 2119 Ante
392 2051 522 2121 festum
556 2062 675 2119 autem
713 2043 864 2141 paschae
899 2049 1014 2119 sciens
1048 2046 1158 2133 lesus,
1210 2060 1319 2144 esset,
1347 2049 1478 2139 dequo
1497 2047 1715 2140 loqueretur.
1768 2044 1891 2140 ltaque
1914 2071 1994 2116 cum
2019 2050 2202 2121 recubuis·
2292 2060 2298 2071 “

163 2155 261 2248 quod
285 2152 440 2224 venisset
460 2147 550 2221 hora
573 2151 704 2243 ipsius,
743 2165 784 2222 ut
809 2152 980 2222 transiret
1013 2176 1055 2221 ex
1088 2148 1158 2221 hoc
1209 2163 1263 2218 set
1278 2151 1337 2218 ille
1353 2174 1460 2239 super
1476 2163 1598 2240 pectus
1614 2147 1713 2229 lesu,
1741 2150 1827 2217 dicit
1842 2151 1893 2217 ei:
1920 2147 2097 2233 Domine,
2122 2153 2203 2245 quis

163 2257 300 2325 mundo
316 2258 362 2325 ad
376 2265 531 2348 patrem,
558 2280 638 2324 cum
655 2254 835 2325 dilexisset
852 2278 949 2337 suos,
976 2256 1159 2348 quierant
1210 2251 1289 2322 est?
1325 2253 1524 2343 Respondit
1538 2249 1652 2321 lesus:
1680 2249 1742 2319 llle
1759 2264 1827 2333 est,
1853 2252 1908 2320 cui
1928 2277 1993 2344 ego
2010 2256 2200 2324 intinctum

164 2359 203 2425 in
220 2361 376 2440 mundo,
403 2382 516 2450 usque
531 2359 697 2426 adfinem
715 2357 839 2426 dilexit
860 2381 932 2427 eos.
983 2355 1030 2425 Et
1046 2381 1157 2425 coena
1210 2377 1340 2444 panem
1366 2377 1573 2444 porrexero.
1639 2354 1684 2421 Et
1715 2377 1794 2421 cum
1825 2354 2024 2425 intinxisset
2055 2370 2201 2448 panem,

163 2461 276 2544 sacta,
304 2452 565 2529 cum'diabolus
589 2458 660 2526 iam
685 2459 889 2529 immisisset
910 2458 948 2526 in
973 2455 1159 2528 corludae
1210 2457 1311 2524 dedit
1328 2454 1435 2523 ludae
1456 2455 1613 2525 Simonis
1632 2453 1834 2525 lscariotae,
1886 2455 1933 2524 Et
1949 2472 2031 2547 post
2053 2460 2201 2529 offulam
2246 2520 2253 2536 ,

163 2561 323 2633 Simonis
338 2559 541 2644 lscariotae,
567 2572 608 2629 ut
624 2563 794 2650 proderet
808 2586 903 2644 eum,
928 2558 1160 2642 scieuslesus,
1211 2559 1389 2648 ingressus
1406 2572 1458 2627 est
1472 2559 1510 2624 in
1534 2582 1614 2626 eum
1639 2570 1792 2628 satanas.
1844 2556 1940 2628 Dicit
1963 2562 2071 2649 igitur
2094 2563 2126 2628 ei
2150 2560 2202 2631 le·

164 2665 263 2756 quod
275 2662 561 2733 omniadedisset
575 2661 641 2731 sibi
659 2675 762 2754 pater
778 2664 815 2731 in
830 2686 972 2748 manus,
987 2665 1158 2756 etquoda
1211 2687 1287 2731 sus:
1323 2660 1430 2752 Quod
1454 2660 1560 2743 facis,
1594 2661 1651 2728 fac
1675 2661 1789 2730 citius.
1848 2660 1926 2730 Hoc
1950 2676 2069 2731 autem
2092 2687 2200 2735 nemo

163 2765 245 2835 Deo
264 2766 409 2847 exisset,
444 2778 479 2834 et
497 2768 543 2834 ad
556 2762 672 2833 Deum
700 2766 787 2849 iret,
814 2755 969 2855 surgita
996 2790 1106 2836 coena
1125 2779 1161 2834 et
1211 2763 1433 2853 intelligebat
1456 2763 1753 2834 discumbentium
1770 2761 1836 2857 ¹⁸),
1880 2767 1925 2833 ad
1947 2767 2034 2858 quid
2059 2765 2203 2838 dixisset

165 2868 269 2961 ponit
285 2870 510 2951 vestimenta,
526 2879 656 2938 etcum
674 2868 1039 2960 accepissetlinteum,
1058 2892 1160 2959 prae·
1212 2867 1279 2934 ei.·
1309 2865 1465 2957 Quidam
1484 2866 1578 2934 enim
1597 2867 1791 2956 putabant,
1826 2866 1909 2958 quia
1933 2867 2068 2939 loculos
2092 2864 2203 2940 habe·

166 2970 276 3040 cinxit
287 2994 339 3040 se.
381 2968 521 3038 Deinde
538 2968 635 3038 misit
648 2994 778 3062 aquam
797 2970 834 3038 in
850 2970 1002 3061 pelvim,
1028 2983 1064 3041 et
1082 2995 1161 3040 coe·
1211 2971 1273 3037 bat
1289 2966 1413 3050 ludas,
1441 2971 1538 3062 quod
1561 2968 1706 3038 dixisset
1728 2969 1760 3036 ei
1779 2967 1890 3039 lesus:
1919 2993 1997 3039 eme
2021 2995 2081 3055 ea,
2109 2996 2202 3072 quae

166 3073 220 3164 pit
235 3072 355 3142 lavare
372 3075 479 3168 pedes
496 3073 768 3163 discipulorum,
791 3086 827 3142 et
841 3086 1021 3164 extergere
1035 3074 1161 3157 linteo,
1213 3096 1304 3162 opus
1325 3085 1409 3141 sunt
1429 3073 1534 3142 nobis
1555 3074 1600 3140 ad
1623 3072 1717 3139 diem
1742 3073 1890 3152 festum,
1933 3087 1996 3142 aut
2018 3074 2136 3163 egenis
2162 3086 2204 3144 ut

167 3188 343 3268 quoerat
365 3176 602 3267 praecinctus.
666 3173 774 3244 Venit
797 3199 882 3266 ergo
906 3179 952 3244 ad
975 3177 1158 3246 Simonem
1214 3173 1350 3268 aliquid
1379 3176 1492 3244 daret.
1560 3173 1650 3243 Cum
1679 3198 1764 3264 ergo
1794 3174 1936 3256 exisset,
1976 3174 2065 3244 dixit
2089 3174 2201 3246 lesus:

165 3278 326 3349 Petrum.
377 3278 424 3348 Et
445 3279 531 3349 dicit
555 3279 588 3348 ei
614 3278 757 3350 Petrus:
794 3278 972 3363 Domine,
998 3293 1044 3348 'tu
1070 3276 1160 3348 mihi
1212 3278 1317 3348 Nunc
1333 3278 1550 3367 glorificatus
1567 3291 1619 3359 est
1641 3278 1733 3347 lilius
1756 3273 1930 3356 hominis,
1956 3291 1989 3346 et
2007 3277 2102 3348 Deus
2127 3281 2203 3370 glo-

166 3366 263 3452 lavas
281 3380 412 3474 pedes?
443 3413 444 3416 ¹
459 3381 663 3472 Respondit
675 3378 790 3464 lesus,
817 3394 852 3450 et
868 3381 959 3450 dixit
975 3382 1024 3449 ei:
1053 3381 1161 3473 Quod
1213 3381 1370 3448 rihcatus
1386 3391 1438 3447 est
1454 3402 1518 3469 per
1533 3403 1627 3448 eum.
1678 3379 1715 3447 Si
1728 3379 1823 3448 Deus
1840 3379 2054 3469 glorificatus
2071 3396 2123 3450 est
2138 3404 2205 3473 per

167 3507 233 3573 ego
258 3484 371 3565 facio,
412 3495 453 3553 tu
476 3483 590 3553 nescis
612 3506 728 3565 nunc,
767 3482 856 3554 scies
878 3495 997 3552 autem
1024 3496 1162 3574 postea.
1214 3506 1317 3562 eum,
1344 3494 1379 3549 et
1395 3478 1493 3549 Deus
1507 3482 1721 3571 glorificabit
1745 3507 1824 3550 eum
1851 3506 1994 3574 perse,
2028 3498 2064 3553 et
2090 3486 2205 3554 conti·

166 3584 264 3654 Dicit
279 3580 468 3656 eiFetrus:
497 3587 581 3656 Non
596 3584 736 3654 lavabis
753 3609 852 3656 meos
866 3589 975 3675 pedes
993 3585 1031 3652 in
1049 3597 1162 3654 aeter·
1213 3607 1287 3671 nuo
1312 3584 1525 3673 glorificabit
1544 3608 1638 3653 eum.
1705 3584 1846 3666 Filioli,
1886 3580 2002 3655 adhuc
2024 3588 2205 3679 paulisper

167 3713 268 3757 nuru.
306 3687 509 3778 Respondit
528 3688 558 3755 ei
576 3683 689 3756 lesus:
717 3685 755 3756 si
772 3712 848 3756 non
862 3688 986 3756 lavero
1005 3699 1061 3771 te,
1086 3712 1162 3758 non
1214 3686 1398 3755 vobiscum
1423 3712 1514 3756 sum.
1568 3686 1833 3783 Quaeretis¹⁰·)
1852 3714 1926 3771 me,
1960 3702 1995 3757 et
2017 3691 2108 3759 sicut
2130 3690 2204 3759 (lixi

167 3786 279 3859 habes
300 3803 437 3880 partem
463 3813 615 3859 mecum.
681 3788 779 3858 Dicit
808 3791 841 3859 ei
866 3790 991 3860 Simon
1014 3790 1160 3861 Petrus:
1213 3787 1374 3870 ludaeis,
1398 3814 1471 3881 quo
1496 3813 1562 3880 ego
1580 3793 1692 3873 vado,
1719 3817 1783 3861 vos
1802 3815 1875 3859 non
1899 3794 2045 3883 potestis
2068 3794 2204 3878 venire,
2288 3857 2300 3875 x

166 3880 603 3974 Domine,'noutantum
619 3894 726 3982 pedes
748 3917 868 3977 meos,
894 3895 955 3963 sed
977 3905 1013 3963 et
1035 3918 1163 3965 manus
1214 3891 1263 3960 ita
1289 3904 1324 3959 et
1344 3892 1445 3961 vobis
1468 3893 1547 3961 dico
1569 3917 1676 3963 nunc.
1734 3894 1970 3986 Praeceptum
1991 3920 2126 3964 novum
2155 3897 2203 3966 do

168 4008 205 4064 et
218 4007 336 4085 caput.
387 3992 485 4063 Dicit
499 3994 532 4062 ei
546 3992 657 4065 lesus:
686 3996 757 4088 Qui
772 3996 868 4066 lotus
883 4009 954 4080 est,
980 4021 1055 4065 non
1072 4022 1163 4088 opus
1214 3995 1337 4076 vobis,
1371 4005 1410 4062 ut
1432 3994 1589 4086 diligatis
1606 3996 1781 4081 invicem,
1814 3997 1905 4067 sicut
1926 4000 2033 4067 dilexi
2058 4023 2139 4082 vos,
2165 4011 2207 4070 ut

168 4092 299 4180 habet,
325 4095 394 4165 nisi
409 4109 449 4166 ut
467 4100 575 4188 pedes
591 4098 705 4181 lavet,
740 4100 802 4168 sed
816 4113 868 4169 est
883 4101 1038 4169 mundus
1056 4112 1163 4169 totus.
1215 4110 1250 4165 et
1284 4121 1349 4165 vos
1382 4096 1539 4188 diligatis
1573 4099 1739 4170 invicem.
1812 4096 1852 4166 ln
1885 4096 1954 4170 hoc
1991 4114 2207 4191 cognoscent

168 4196 216 4268 Et
255 4223 319 4268 vos
345 4199 471 4268 mundi
501 4200 604 4284 estis,
645 4202 805 4271 sednon
830 4225 966 4272 omnes.
1022 4201 1165 4271 Sciebat
1216 4222 1360 4279 omues,
1395 4200 1491 4291 quod
1517 4202 1682 4292 discipuli
1706 4203 1777 4270 mei
1800 4202 1894 4283 sitis,
1933 4204 1963 4273 si
1993 4200 2205 4272 charitatem

170 4301 287 4384 enim,
312 4301 478 4395 quisnam
496 4316 604 4386 esset,
629 4304 692 4399 qui
706 4307 876 4394 proderet
891 4330 946 4386 se;
973 4313 1161 4396 propterea
1215 4299 1413 4371 habueritis
1426 4302 1520 4371 inter
1536 4329 1600 4374 vos
1617 4318 1790 4375 mutuam.
1842 4303 1940 4372 Dicit
1954 4305 1987 4373 ei
2003 4306 2129 4374 Simon
2140 4306 2206 4374 Pe-

169 4403 276 4473 dixit:
304 4403 388 4474 Non
408 4405 491 4475 estis
516 4409 643 4475 mundi
670 4431 807 4476 omnes.
858 4407 1055 4500 Postquam
1079 4431 1164 4498 ergo
1217 4419 1311 4474 trus:
1346 4401 1524 4488 Domine,
1550 4432 1623 4500 quo
1647 4405 1771 4476 vadis?
1823 4406 2024 4497 Respondit
2046 4409 2078 4476 ei
2093 4406 2236 4479 lesusz.

169 4507 315 4577 lavisset
340 4510 448 4598 pedes
475 4531 623 4592 eorum,
663 4511 887 4604 receptisque
909 4511 1065 4580 vestibus
1092 4509 1165 4580 suis
1216 4508 1300 4600 Quo
1319 4531 1385 4595 ego
1404 4509 1517 4590 vado,
1544 4533 1618 4576 non
1634 4525 1736 4601 potes
1751 4535 1807 4578 me
1823 4534 1918 4578 nunc
1936 4513 2054 4603 sequi,
2081 4536 2207 4605 seque-

170 4609 411 4693 accubuisset,
442 4609 573 4679 iterum
596 4611 686 4681 dixit
706 4613 773 4683 eis:
808 4611 931 4696 Scitis,
965 4612 1052 4706 quid
1076 4614 1165 4681 fece·
1217 4612 1265 4679 ris
1299 4621 1418 4678 autem
1451 4624 1589 4701 postea.
1663 4612 1760 4681 Dicit
1788 4614 1820 4680 ei
1848 4611 1993 4684 Petrus:
2036 4612 2207 4700 Domine,

171 4711 242 4780 rim
266 4713 380 4782 vobis.
441 4711 518 4782 Vos
537 4715 672 4785 voeatis
691 4741 747 4785 me
765 4715 974 4806 magistrum
992 4740 1032 4783 ac
1050 4715 1165 4784 domi-
1218 4736 1329 4806 quate
1362 4736 1437 4780 non
1470 4738 1614 4805 possum
1644 4729 1678 4785 te
1709 4717 1810 4808 sequi
1842 4714 1963 4785 nunc?
2035 4717 2207 4787 Animam

170 4838 280 4897 num,
308 4828 343 4884 et
358 4817 450 4883 bene
468 4816 605 4899 dicitis,
632 4843 710 4887 sum
729 4819 873 4887 etenim.
925 4819 962 4889 Si
990 4844 1075 4908 ergo
1100 4843 1165 4910 ego
1217 4839 1335 4885 meam
1360 4839 1427 4907 pro
1448 4829 1481 4885 te
1500 4842 1646 4908 ponam.
1698 4817 1900 4911 Respondit
1924 4819 1956 4889 ei
1971 4817 2085 4891 lesus:
2119 4821 2208 4889 Ani-

171 4917 245 4986 lavi
262 4920 368 5007 pedes
389 4931 524 4988 vestros
540 4920 709 4990 domiuus
726 4933 761 4989 et
775 4921 963 5010 magister,
997 4946 1060 4992 vos
1077 4946 1165 5014 quo·
1218 4945 1314 4989 mam
1342 4929 1441 4985 tuam
1472 4945 1539 5010 pro
1571 4946 1627 4990 me
1653 4921 1790 5013 pones'?
1854 4923 1971 4991 Amen
1996 4947 2101 4992 amen
2127 4925 2207 4994 dico

171 5042 244 5113 que
275 5020 411 5090 debetis
444 5021 598 5090 invicem
628 5023 691 5090 alii
723 5024 876 5091 aliorum
899 5023 1020 5091 lavare
1046 5027 1164 5114 pedes.
1218 5022 1306 5104 tibi,
1332 5045 1406 5088 nou
1423 5037 1526 5090 canet
1540 5026 1673 5114 gallus,
1700 5028 1814 5094 donec
1830 5038 1884 5093 ter
1900 5050 1957 5094 me
1977 5026 2175 5117 negaveris.

85 5200 103 5221 .
170 5120 389 5211 Exemplum
407 5124 501 5192 enim
525 5127 675 5215 praebui
700 5127 822 5210 vobis,
848 5139 906 5209 ut,
932 5128 1166 5218 quemadmo-
1322 5123 1469 5194 Discant
1482 5128 1597 5217 pueri,
1622 5123 1714 5196 nihil
1730 5153 1766 5198 se
1783 5141 2015 5219 promoturus
2028 5131 2066 5198 in
2084 5131 2210 5216 literis,

173 5226 261 5295 dum
281 5248 347 5314 ego
364 5225 431 5293 feci
457 5228 580 5310 vobis,
615 5229 664 5296 ita
691 5241 726 5297 et
750 5254 814 5298 vos
842 5229 991 5298 faciatis.
1053 5231 1166 5301 Amen
1219 5240 1254 5296 et
1269 5227 1469 5297 infoelicem
1486 5253 1629 5298 omnem
1647 5230 1741 5300 vitae
1765 5256 1906 5302 cursum
1928 5233 2024 5317 sore,
2055 5233 2094 5301 ni
2110 5232 2208 5304 Deru

174 5351 281 5396 amen
298 5327 380 5395 dico
400 5329 519 5400 vobis:
551 5329 1072 5402 nonestmaior'dominosuo
1094 5357 1167 5403 ser·
1221 5365 1286 5396 ...4
1305 5388 1422 5397 --....

85 5498 96 5511 -
175 5453 259 5547 Ym’
301 5454 419 5548 neque
442 5431 579 5522 legatus
611 5434 728 5503 maim
759 5449 809 5506 ω
838 5460 902 5518 ⁸⁰3
942 5434 1004 5529 (lul
1037 5435 1168 5526 legam
1255 5480 1302 5546 10)
1322 5481 1565 5542 discumbentium]
1584 5481 1633 5531 nr.
1649 5481 1726 5532 tow.
1745 5483 1806 5544 typ.
1823 5495 1935 5534 errore:
1958 5481 2158 5532 discubsutlnn

176 5557 306 5624 rpsum.
360 5534 396 5604 s.
414 5530 508 5609 ‚haec
529 5537 699 5618 novistis,
726 5538 940 5622 beatiestis,
962 5540 994 5608 si
1014 5538 1168 5609 feceritis
1256 5564 1699 5633 1o·)ouxereu·]uencrtpu;
1724 5568 1866 5621 autom.
1885 5568 2025 5631 emerito
2088 5612 2090 5617 .

219 5649 402 5716 fluxam
423 5651 530 5718 Ome
555 5652 641 5718 Vox..
662 5654 736 5720 XX.
1324 5745 1326 5749 A
1595 5639 1647 5712 26

214 1897 276 1969 Ex
303 1895 563 1988 Evangelio
587 1892 795 1978 loannis,
840 1893 990 1987 Caput
1016 1892 1106 1966 Xlll.
