5125 6525
139 377 223 472 eas
366 336 481 450 ¹na
529 370 988 452 armenorum
1015 367 1369 446 cononandus
1393 370 1574 456 canora
1596 374 1641 450 v.
1667 373 1906 454 mmmm
2101 378 2224 462 ω,

139 551 216 637 sine
233 548 474 641 imperatore,
500 545 564 618 tali
581 558 743 638 tempore
759 544 987 616 servarinon
1003 555 1132 636 potest.
1185 539 1411 630 proximum,
1450 567 1531 615 cum
1561 562 1677 618 essent
1707 551 1751 619 de
1779 545 1936 641 Imperio
1958 551 2180 626 Germanico-

139 652 286 738 Accedit
299 651 397 722 aliud
412 662 624 742 perpetuum
640 648 927 724 incommodum:
949 670 1023 716 non
1039 647 1133 738 aspi·
1183 664 1388 727 sermones,
1426 658 1463 715 et
1477 647 1624 740 quidam
1650 650 1938 724 Maximilianum
1965 678 2029 746 per
2058 654 2177 726 iocum

139 756 209 828 ciet
223 780 279 826 res
295 753 528 823 Germanicas
542 776 584 820 ex
601 751 820 844 propinquo.
872 747 995 843 ltaque
1018 750 1130 820 multa
1184 758 1346 818 vocasset
1366 748 1548 820 consulem
1564 752 1837 844 augustanum,
1869 756 2072 847 significans
2092 779 2176 828 eum

139 857 292 942 nesciet,
321 856 453 928 multas
477 854 586 928 falsas
608 855 748 924 fabulas
774 854 913 934 credet,
944 851 1059 923 levius
1080 855 1131 920 af·
1183 847 1307 937 paucis
1331 848 1533 924 civitatibus
1555 853 1755 946 imperare,
1791 858 1930 932 duriter
1959 859 2177 952 increpuisse
2270 897 2277 910 ·

140 960 278 1034 ficietur
292 958 425 1038 nostris
439 960 558 1030 rebus.
591 956 719 1029 Nullos
734 950 879 1024 habebit
895 979 1014 1025 secum
1030 954 1131 1046 prin·
1183 948 1308 1031 illum,
1349 962 1384 1019 et
1415 956 1662 1045 respondisse:
1711 957 1790 1028 lmo
1823 984 1909 1030 vern
1944 986 2173 1058 nequaquam

140 1064 236 1157 cipes
251 1061 483 1144 Germaniae,
508 1058 570 1155 qui
587 1084 666 1129 cum
685 1084 728 1128 eo
741 1058 854 1128 libere
870 1059 916 1128 de
932 1055 1129 1148 Republica
1182 1049 1390 1120 Germanici
1406 1053 1635 1147 lmperatoris
1652 1061 1811 1151 potentia
1828 1068 2089 1134 contemnenda
2109 1078 2175 1151 est,
2205 1136 2207 1140 .

139 1163 410 1260 loquipoginr,
461 1162 606 1234 Sedebit
626 1162 858 1232 circumfusus
881 1160 927 1228 ab
948 1159 1130 1252 Hispanis,
1182 1176 1263 1222 curu
1287 1153 1347 1223 ille
1370 1160 1495 1229 consul
1515 1174 1728 1253 tympanum
1751 1165 1889 1256 pulsat,
1922 1178 1998 1236 tota
2020 1166 2173 1238 francia

140 1292 297 1363 quorum
323 1269 369 1337 de
392 1266 513 1338 mulsi,
534 1266 640 1356 rebus
669 1263 800 1336 iudicia
824 1276 859 1333 et
881 1261 1127 1333 voluntatem
1182 1255 1316 1323 tremit.
1360 1255 1517 1331 Honeste
1532 1261 1749 1338 Ludovicus.
1791 1266 1918 1338 Noluit
1939 1269 2035 1339 enim
2051 1272 2090 1340 in
2104 1269 2176 1339 Re·

140 1369 333 1450 Germanis
361 1369 575 1460 discrepant.
633 1365 756 1436 Mittet
779 1366 891 1436 edicta
918 1364 957 1434 in
977 1363 1129 1436 Germa-
1181 1380 1265 1447 gum
1292 1358 1516 1432 maiestatem
1538 1367 1636 1436 iocos
1661 1383 1724 1440 aut
1740 1371 1900 1439 convicia
1921 1372 2011 1453 dici;
2044 1374 2176 1443 sedta·

139 1473 260 1555 niam,
298 1495 364 1542 nec
394 1471 508 1542 causis
536 1494 601 1544 nec
631 1468 854 1561 temporibus
883 1468 1130 1559 congruentia,
1182 1483 1268 1528 men
1292 1459 1383 1532 illud
1407 1464 1516 1534 etiam
1538 1471 1696 1539 ostendit
1720 1496 1758 1541 se
1776 1471 2066 1545 Maximilianum
2088 1491 2197 1567 pru-'

140 1600 233 1672 quae
266 1574 561 1669 tranquillitatem
591 1572 847 1665 perturbatura
875 1585 971 1642 sunt.
1032 1570 1129 1642 Num
1182 1575 1263 1653 pter
1293 1563 1461 1636 virtutem
1495 1570 1640 1640 cuilibet
1669 1575 1999 1663 potentissimorum
2032 1577 2189 1668 Regum..

119 1674 226 1750 'haec
248 1676 478 1748 incommoda
503 1675 594 1744 levia
628 1672 782 1745 ducitis?
842 1670 966 1766 Quid?
997 1674 1028 1744 si
1054 1673 1130 1764 ipse
1182 1687 1306 1756 parem
1340 1667 1481 1740 ducere.
1541 1671 1616 1743 Nec
1640 1677 1731 1744 adeo
1757 1676 1899 1746 videtur
1921 1681 2073 1748 extincta
2099 1703 2174 1749 esse

140 1783 249 1856 etiam
279 1780 443 1850 incensus
467 1776 625 1848 artificiis
648 1776 852 1870 aliquorum
876 1774 996 1846 veniet
1018 1776 1131 1845 iratus
1182 1767 1296 1837 virtus
1315 1767 1353 1838 in
1371 1771 1516 1843 familiis
1533 1776 1678 1860 vestris,
1705 1802 1814 1847 nemo
1828 1793 1868 1847 ut
1889 1782 2040 1871 reperiri
2062 1780 2176 1873 possit
2212 1771 2217 1776 ⁸

138 1883 179 1952 in
196 1870 460 1974 ¹Germaniam,
500 1893 538 1948 et
571 1882 724 1950 adducet
754 1877 951 1970 Hispanos,
996 1878 1059 1972 qui
1090 1889 1132 1947 ut
1183 1864 1253 1938 hoc
1264 1870 1407 1963 fastigio
1421 1875 1562 1965 dignus.
2034 1940 2036 1944 .

141 1984 398 2077 Campaniam,
415 2069 423 2082 .
440 1993 480 2054 ut
502 1982 670 2073 Apuliam
700 1983 797 2051 inter
823 2007 860 2052 se
889 1982 1011 2074 partiti
1035 1992 1131 2064 sunt,
1284 1971 1377 2045 Tres
1394 1992 1478 2048 sunt
1489 1979 1666 2063 familiae,
1693 1980 1890 2068 Bavarica,
1917 1984 2112 2069 Saronica,
2139 1999 2175 2057 et

140 2089 189 2157 ita
215 2099 352 2158 vestras
372 2087 526 2156 ditiones
549 2087 719 2176 praedam
744 2109 844 2154 suam
861 2109 935 2155 esse
952 2084 1131 2154 arbitran·
1182 2071 1388 2161 Marchiffl,
1418 2106 1511 2175 quta
1534 2085 1691 2176 quadam
1719 2086 1966 2157 mediocritate
1990 2090 2174 2181 potentiae

139 2188 223 2260 tm?
276 2187 544 2259 providendum
571 2201 623 2259 egr
647 2200 786 2270 aurem,
820 2213 866 2259 ne
890 2187 971 2258 talis
1001 2186 1131 2280 aliquis
1183 2181 1414 2250 autoritatem
1438 2183 1475 2251 in
1494 2185 1686 2255 Germania
1703 2189 1795 2257 tueri
1812 2203 1972 2281 possunt.
2023 2190 2072 2261 Et
2091 2204 2211 2262 sunt‘

138 2314 242 2362 error
258 2292 475 2364 Germaniae
497 2292 698 2360 vastitatem
715 2302 751 2360 et
765 2286 851 2360 huic
865 2289 1022 2381 Imperio
1040 2290 1131 2358 inte·
1183 2280 1221 2350 in
1246 2276 1304 2354 ilia
1324 2283 1464 2378 aliquot
1485 2289 1683 2379 principes,
1724 2292 1786 2383 qui
1813 2293 1964 2383 ingeniis
1987 2307 2022 2364 et
2041 2294 2174 2365 virtute

140 2395 249 2466 risum
268 2395 407 2464 afferat,
445 2394 503 2462 An
521 2393 793 2468 inarmajomm
812 2406 1012 2462 vestrorum
1032 2395 1132 2461 sedes
1183 2385 1357 2453 sustinere
1390 2391 1673 2477 magnitudinem
1710 2388 1816 2462 buius
1852 2396 2175 2468 administrationis

141 2496 248 2570 vultis
268 2496 513 2587 Hispanorum
538 2495 697 2566 colonias
718 2493 821 2563 fieri?
853 2508 990 2564 vestros
1014 2507 1131 2584 poste·
1184 2498 1332 2578 queunt.
1384 2486 1438 2557 Ex
1455 2487 1510 2561 bis
1526 2491 1555 2562 si
1571 2516 1676 2585 quem
1694 2493 1923 2584 elegerimus,
1951 2501 2175 2569 contentirn·

140 2623 266 2682 ros‚‚a
284 2597 433 2668 summis
450 2608 550 2666 ortos
565 2592 755 2678 heroibus,
788 2596 911 2665 venire
928 2596 966 2664 in
981 2595 1132 2668 servitu·
1184 2586 1278 2656 tibus
1316 2589 1514 2681 suffragiis,
1555 2617 1710 2688 eumque
1749 2621 1817 2667 nos
1858 2599 2066 2670 defensuros
2100 2625 2173 2672 esse

140 2697 239 2772 tem?
271 2712 307 2769 et
329 2699 466 2769 aboleri
489 2710 701 2768 ornamenta
716 2697 968 2791 Reipublicae,
995 2698 1132 2768 avobis
1185 2693 1432 2774 ostendemus,
1456 2707 1498 2765 tii
1518 2719 1673 2790 aequum
1698 2711 1766 2768 est:
1804 2725 1929 2772 omnes
1944 2703 2122 2794 principes
2139 2716 2175 2773 et

140 2803 320 2894 sapienter
341 2816 376 2871 et
395 2815 516 2873 sancte
538 2800 698 2872 instituta
725 2802 826 2885 iura,
851 2801 1002 2883 iudicia,
1028 2801 1132 2871 disci·
1183 2792 1310 2902 pppuli
1331 2808 1439 2864 erunt
1461 2797 1498 2866 in
1521 2800 1650 2869 officio.
1703 2800 1753 2869 Ut
1769 2802 1878 2892 igitur
1894 2800 2173 2874 babeatautori·

139 2903 302 2999 punam?
355 2904 451 2974 Haec
473 2903 569 2973 enim
593 2903 715 2972 omnia
740 2903 778 2972 in
803 2904 972 2975 servitute
991 2917 1132 2974 mutan.
1184 2906 1314 2979 talem,
1341 2896 1472 2967 virtute
1489 2926 1580 2993 opus
1598 2915 1669 2982 θεὶς
1696 2916 1736 2973 ui
1752 2908 1921 2976 accedant
1936 2908 2031 2980 Vires
2049 2907 2174 2978 formi-

140 3022 212 3088 ῑμι,
271 3005 340 3077 sed
370 3008 413 3075 de
441 3001 509 3076 bac
539 3030 579 3076 re
606 3007 709 3097 plura
732 3006 850 3077 dicere
873 3007 1005 3077 ominis
1025 3029 1130 3077 causa
1184 2996 1320 3069 dabiles
1342 3002 1471 3072 exteris
1495 3005 1683 3090 omnibus,
1714 3030 1848 3078 unare
1871 3035 1961 3101 opus
1978 3024 2049 3094 est,
2076 3011 2174 3079 vide·

141 3110 239 3181 nolo,
1184 3101 1267 3170 licet
1282 3100 1487 3175 Electorum
1506 3131 1694 3193 consensu,
1711 3135 1816 3203 quem
1835 3112 1930 3180 inter
1944 3137 2011 3183 nos
2027 3112 2172 3207 quidem

208 3269 213 3280 ,
239 3211 281 3285 si
302 3211 412 3304 igitur
435 3224 488 3283 est
508 3207 671 3282 habenda
695 3212 878 3303 potentiae
898 3214 992 3283 ratio
1007 3212 1046 3282 in
1063 3212 1133 3283 ele·
1184 3216 1398 3296 perpetuum
1420 3232 1526 3300 spero
1549 3212 1709 3282 futurum
1733 3235 1820 3288 esse.
1872 3213 1988 3285 Nemo
2010 3226 2063 3286 est
2077 3213 2172 3285 enim

141 3315 280 3400 ctione,
310 3328 350 3385 ῃι
372 3339 437 3405 ego
461 3339 606 3409 quoque
628 3315 805 3397 arbitror,
830 3317 1052 3387 etfasalefflt
1068 3312 1132 3384 ho.
1185 3307 1279 3376 inter
1311 3331 1398 3391 nos,
1431 3312 1494 3403 qui
1516 3313 1585 3382 sibi
1608 3314 1805 3404 potentiam
1830 3317 1987 3410 aliquam
2011 3330 2176 3412 quaerat,

140 3442 222 3491 rum
238 3418 378 3511 Regum
402 3419 552 3488 alterum
574 3417 672 3507 eligi:
707 3441 774 3507 ego
792 3418 936 3489 Gallum
959 3419 1154 3513 antefero„
1185 3433 1292 3502 quem
1315 3412 1463 3480 ambitio
1487 3427 1548 3483 aut
1569 3416 1639 3484 ulla
1658 3417 1834 3506 cupiditas
1848 3419 2037 3490 incitatura
2054 3420 2174 3490 videa·
2277 3486 2281 3491 .

142 3535 421 3615 etnequaquam
437 3544 585 3602 censeo,
611 3517 811 3610 Hispanum
826 3520 1029 3609 eligendum
1045 3544 1132 3591 esse,
1185 3525 1244 3580 tur
1268 3515 1438 3585 adversus
1457 3540 1683 3587 communem
1699 3516 1845 3612 imperil
1865 3523 2173 3617 tranquillitatem.

141 3625 213 3695 sed
236 3625 268 3695 ,i
288 3624 344 3692 101
365 3622 534 3713 impedit,
559 3645 604 3691 ne
622 3621 747 3693 Gallus
770 3635 993 3705 accersatur,
1019 3623 1133 3713 magis
1185 3612 1267 3681 Tali
1288 3615 1462 3708 sapientia
1490 3633 1525 3687 et
1545 3622 1719 3712 gravitate
1740 3623 1922 3713 praeditos
1942 3649 2016 3696 esse
2030 3624 2174 3697 Electo-

142 3727 252 3799 etiam
275 3723 470 3817 impediat,
502 3749 548 3793 ne
562 3723 743 3815 Hispanus
762 3724 934 3815 eligatur,
959 3725 1132 3797 rumeins
1185 3741 1259 3802 res,
1287 3741 1367 3788 cum
1390 3722 1545 3791 salutare
1569 3736 1622 3794 cst
1635 3724 1887 3815 Reipublicae,
1919 3740 1995 3797 tum
2017 3752 2105 3798 vero
2129 3730 2174 3799 ad

142 3812 288 3912 electio,
314 3839 488 3921 quantum
505 3827 662 3917 prospici
681 3823 889 3898 humanitus
906 3839 1041 3919 potest,
1065 3828 1132 3897 mi-
1182 3843 1330 3927 ¹ornnem
1349 3824 1594 3913 posteritatem
1611 3827 1828 3897 Germaniae
1846 3830 2054 3918 gloriosum.
2106 3829 2175 3901 lta·

141 3932 241 4001 nime
256 3931 422 4002 ,alutaris
438 3931 557 4001 fusura
574 3930 793 4001 Germaniae
806 3930 982 4028 vademur,
1006 3934 1132 4001 Aede.
1183 3946 1255 4023 que
1279 3923 1429 3997 mirifice
1451 3929 1610 3998 delector
1630 3932 1880 4002 recordatione
1905 3927 2011 4005 buius
2034 3947 2173 4004 vestrae

143 4058 330 4105 curramus
356 4035 402 4104 ad
432 4033 611 4109 maiorum
642 4047 849 4105 nostrorum
880 4035 1061 4125 exempla,
1098 4047 1133 4104 et
1183 4026 1339 4098 virtutis.
1395 4028 1615 4104 Omittamus
1629 4035 1739 4127 igitur
1754 4033 1966 4127 Hispanum,
1994 4049 2029 4105 et
2044 4039 2176 4107 virtute

143 4161 246 4220 vere,
277 4161 352 4205 non
374 4135 501 4206 callida
525 4136 841 4228 interpretatione,
873 4137 986 4228 legem
1015 4162 1132 4208 serve·
1185 4155 1265 4199 cum
1282 4130 1411 4204 exteris
1426 4147 1613 4206 certemus.
1651 4137 1735 4209 Non
1751 4161 1966 4229 quaeramus
1981 4139 2088 4220 alios,
2111 4138 2175 4233 qui

143 4266 244 4317 mus.
284 4239 338 4311 ac
355 4263 438 4309 vere
454 4238 711 4310 Germanicum
727 4238 948 4331 principem,
980 4241 1134 4335 quinon
1185 4233 1289 4305 nobis
1311 4234 1490 4324 imperent
1508 4238 1644 4309 otiosis.
1696 4234 1796 4308 Nihil
1814 4240 1909 4308 enim
1925 4240 2108 4330 indignius
2121 4251 2175 4311 est

144 4342 244 4413 aliud
266 4341 508 4426 domicilium,
541 4342 611 4413 nisi
633 4341 671 4411 in
688 4343 883 4413 Germania
908 4337 1038 4426 babet,
1070 4343 1133 4438 qui
1184 4337 1278 4407 natis
1296 4332 1441 4407 heroico
1458 4364 1608 4430 genere,
1637 4365 1745 4434 quam
1768 4342 1896 4410 inertia
1918 4342 2109 4431 fugitantes
2123 4343 2174 4409 la-

145 4443 305 4536 origine,
330 4444 489 4535 ingenio,
513 4444 649 4537 lingua,
675 4445 835 4516 moribus
849 4445 1053 4517 Germanus
1069 4459 1133 4529 est,
1184 4443 1332 4524 horem,
1359 4440 1438 4513 aliis
1460 4446 1653 4514 concedere
1675 4442 1821 4534 Imperii
1845 4441 2018 4534 gloriam,
2046 4455 2082 4512 et
2102 4467 2174 4515 ser·

145 4548 328 4638 eligamus.
378 4546 452 4619 Nec
473 4572 531 4619 rue
554 4572 665 4641 usque
688 4550 779 4617 adeo
800 4561 937 4625 movet,
970 4552 1067 4643 quud
1083 4549 1134 4620 ait
1185 4545 1334 4614 vitutem
1351 4568 1542 4618 accersere.

144 4650 379 4742 Moguntinus
401 4648 561 4739 leporem
584 4650 746 4722 leonibus
762 4651 1022 4742 imperaturum
1039 4669 1161 4739 esset}
1288 4646 1439 4739 Quoties
1468 4649 1506 4716 in
1537 4649 1731 4719 Germania
1764 4646 1962 4718 mediocres
1995 4648 2174 4741 principes

144 4754 258 4844 magis
272 4752 359 4823 illud
377 4752 571 4823 videndum
590 4766 660 4836 est,
684 4778 730 4823 ne
746 4754 921 4823 ciconiam
937 4755 1047 4838 ranis,
1070 4780 1133 4826 seu
1186 4761 1443 4821 contraxerunt
1464 4752 1582 4843 regios
1604 4751 1798 4834 exereitus,
1832 4762 1867 4820 et
1891 4774 1947 4820 res
1969 4752 2172 4842 praeclaras

145 4858 262 4927 eorvis
275 4857 452 4926 vulturem
469 4856 727 4946 praeficiamus.
1185 4854 1386 4945 gesserunt!
1453 4854 1538 4925 Fuit
1565 4877 1688 4924 recens
1711 4851 1796 4926 Dux
1817 4853 2015 4938 Saxoniae,
2048 4855 2176 4927 Alber·

248 4957 414 5031 Potentia
454 4956 671 5029 Germaniae
709 4960 795 5030 satis
827 4984 956 5050 magua
994 4974 1064 5043 cst,
1104 4960 1135 5032 si
1187 4972 1262 5038 tus,
1289 4957 1352 5050 qui
1374 4957 1447 5028 suis
1467 4959 1644 5028 sumtibus
1666 4981 1795 5049 magna
1814 4982 1856 5026 ex
1872 4969 1973 5049 parte
1988 4958 2119 5027 bellum
2135 4954 2174 5026 in

145 5083 253 5154 quem
272 5061 461 5151 eligemus,
487 5062 551 5156 qui
564 5061 696 5133 virtute
710 5061 939 5133 autoritatem
955 5062 1024 5133 sibi
1038 5088 1135 5133 com·
1185 5059 1330 5150 Belgico
1345 5059 1463 5150 gessit.
1514 5058 1638 5154 Quid?
1664 5073 1746 5129 ante
1763 5055 1860 5129 hunc
1875 5072 2030 5154 quantos
2044 5052 2176 5131 exerei-

144 5185 284 5254 parare.
298 5162 441 5254 poterit.
492 5163 641 5261 Accepit
659 5159 728 5233 boc
752 5161 944 5256 imperium
971 5177 1006 5235 et
1021 5191 1134 5259 paene
1186 5178 1243 5235 tus
1259 5187 1366 5254 saepe
1383 5164 1561 5234 contraxit
1573 5160 1738 5236 Marcbio
1753 5162 1936 5234 Albertus!
1982 5163 2083 5233 Patri
2098 5177 2175 5245 tuo,

144 5264 305 5343 funditus
336 5265 550 5358 collapsum,
582 5261 796 5358 liudolphus
820 5268 1012 5340 mediocris
1036 5270 1136 5361 prin·
1186 5267 1380 5350 Friderice,
1405 5265 1499 5337 Duri
1512 5268 1679 5351 Ernesto,
1701 5267 1834 5337 bellum
1855 5267 2085 5336 denuntiarat
2099 5265 2176 5336 Rex
2302 5271 2304 5274 ’

151 5392 253 5460 ceps,
282 5381 421 5440 tantum
444 5383 594 5461 propter
606 5370 773 5439 virtutem
793 5370 944 5454 electus,
973 5397 1017 5443 ac
1032 5371 1137 5444 brevi
1186 5370 1399 5441 Pannoniae
1422 5366 1611 5442 Matthias:
1647 5383 1800 5465 quantas
1825 5369 1965 5461 copias,
1998 5381 2173 5463 quantum

145 5471 193 5541 ita
220 5473 350 5553 erexit,
378 5484 416 5543 ut
438 5473 580 5562 regibus
594 5471 720 5543 vicinis
737 5473 906 5546 omnibus
923 5475 1137 5547 formidabi·
1188 5476 1300 5546 robur
1328 5498 1370 5544 ex
1399 5473 1525 5544 vicinis
1548 5469 1755 5566 regionibus
1781 5472 1899 5544 subito
1922 5480 2178 5547 contraxerunt

145 5572 319 5657 lisesset.
382 5573 502 5647 Audio
524 5573 771 5659 laudovicum,
802 5574 938 5670 Regem
962 5576 1136 5649 Francius
1188 5591 1291 5671 pater
1315 5589 1351 5647 et
1373 5589 1524 5670 patruus
1547 5576 1647 5649 tuus!
1699 5575 1823 5713 lqaque
1843 5574 1946 5645 cessit
1966 5572 2067 5644 vobis
2081 5570 2180 5644 Pan-
