5125 6525
259 437 335 514 789

786 435 911 512 rull..
938 437 1053 512 MEL.
1078 435 1281 512 SCRIPTA
1306 435 1439 511 vestu
1462 434 1767 514 aasumensi.

2232 433 2301 505 740

261 591 392 683 Omnis
406 610 521 702 pietas
535 622 590 680 cst
605 608 730 691 virtus,
758 609 797 678 in
814 606 900 679 hoc:
935 607 1122 701 Quaedam
1138 608 1252 679 virtus
1303 606 1502 702 syllogismi
1526 607 1716 700 proponit,
1750 605 1913 677 Coelium
1933 630 2007 675 non
2032 629 2113 677 esse
2139 604 2304 697 volupta-

262 726 317 785 est
330 712 459 804 pietas.
492 715 541 780 At
554 734 661 801 supra
677 712 862 795 admonui,
888 712 1133 781 conversionis
1147 733 1250 782 usum

261 837 409 885 menon
424 814 546 882 videre
560 814 654 902 apud
672 826 853 897 oratores,
877 826 940 883 aut
954 815 993 881 in
1016 825 1090 881 tota
1111 812 1252 881 ratione

261 914 454 1010 loquendi,
495 916 540 983 ad
572 909 751 1004 sophistas
780 913 870 985 haec
890 915 1033 1006 nugalia
1058 914 1253 1005 pertinent,

263 1018 326 1112 qui
342 1017 392 1087 sic
408 1015 591 1085 dialectica
616 1028 789 1100 tractant,
816 1030 856 1086 ut
879 1040 1004 1086 eorum
1027 1042 1130 1086 usum
1152 1015 1253 1106 peni-

266 1131 323 1189 tus
337 1119 516 1209 ignorent.
567 1117 659 1188 Nam
675 1118 755 1210 quis
772 1120 827 1187 vel
843 1118 988 1190 insanus
1006 1120 1055 1187 sic
1071 1118 1232 1208 colligat:

419 1217 548 1288 Omnis
563 1218 697 1289 iustitia
717 1233 770 1289 cst
782 1219 916 1304 virtus,

420 1319 548 1390 Omnis
563 1320 677 1412 pietas
695 1333 749 1392 est
763 1322 912 1405 iustitia,
938 1345 1022 1412 ergo

416 1421 602 1514 Quaedam
619 1422 732 1492 virtus
748 1437 801 1494 εει
816 1425 941 1515 pietas.

366 1538 493 1633 Neque
510 1541 605 1608 enim
623 1542 805 1611 conclusio
823 1541 904 1611 talis
917 1566 960 1609 ex
972 1536 1029 1609 his
1043 1537 1254 1630 pronuntia-

263 1640 309 1709 tis
332 1642 480 1731 proprie
505 1642 756 1735 consequitur,
794 1666 905 1736 quare
935 1642 1159 1735 syllogismus
1184 1640 1254 1709 dici

264 1763 340 1809 non
358 1743 483 1825 debet,
509 1743 635 1835 inquo
653 1767 726 1810 non
751 1758 834 1836 apte
860 1769 939 1815 cum
963 1744 1099 1813 maiore
1125 1765 1165 1810 ac
1188 1742 1254 1810 mi·

267 1865 358 1911 nore
375 1838 545 1912 cohaeret
561 1844 755 1915 conclusio.

522 2010 585 2080 Dc
609 2015 803 2082 secunda
829 2014 997 2104 figura.

365 2146 528 2217 Secunda
546 2148 657 2237 ligura
677 2161 746 2231 est,
771 2150 808 2216 iu
825 2172 896 2242 qua
910 2148 1088 2232 medium,
1116 2162 1190 2216 tam
1215 2149 1255 2216 in

264 2248 423 2332 maiore,
449 2273 557 2342 quam
575 2249 612 2317 iu
628 2248 768 2319 minore
783 2250 980 2341 praedicati
995 2250 1107 2319 vicem
1130 2251 1254 2320 defun·

261 2350 377 2442 gitur,
403 2364 525 2443 estque
543 2351 617 2420 eius
632 2352 853 2421 admirabilis
867 2376 950 2421 usus
975 2353 1012 2420 in
1035 2353 1254 2422 coniectura-

262 2452 356 2522 libus
371 2452 608 2541 argumentis,
634 2453 812 2546 planeque
833 2454 870 2520 in
890 2454 1055 2524 omnibus
1077 2454 1254 2549 quaestio-

262 2553 387 2636 nibus,
420 2554 481 2622 ubi
500 2579 519 2622 e
537 2553 734 2644 posteriore
756 2555 855 2646 prius
878 2556 1070 2649 quiddam,
1104 2581 1166 2626 ceu
1189 2580 1254 2647 per

266 2654 489 2724 coniecturas
505 2656 719 2746 vestigamus
728 2655 786 2750 ⁸⁸).
828 2654 1036 2726 incredibile
1050 2671 1114 2741 est,
1141 2681 1254 2753 quan·

263 2769 336 2825 tam
362 2757 655 2826 commoditatem
679 2781 721 2827 ex
743 2752 811 2825 hac
833 2760 1108 2849 argumentandi
1134 2762 1252 2829 forma

263 2870 497 2949 percepturus
519 2858 584 2941 sis,
614 2858 643 2927 si
669 2858 858 2949 diligenter
879 2885 957 2928 eam
981 2861 1019 2927 in
1042 2861 1254 2931 coniecturis

263 2958 483 3042 exercueris,
514 2972 573 3042 ut,
604 2957 804 3050 Episcopus
824 2983 898 3029 non
925 2961 1172 3052 belligeratur,
1198 2960 1254 3031 lu-

262 3059 332 3129 lius
347 3060 597 3151 belligeratur,
621 3084 698 3131 non
722 3074 773 3131 est
794 3062 904 3153 igitur
918 3061 1128 3155 Episcopus.
1178 3062 1254 3134 Hac

264 3162 540 3252 argumentandi
563 3163 679 3232 forma
703 3176 740 3233 et
756 3163 881 3234 Cicero
903 3189 982 3235 cum
1010 3165 1095 3234 alibi
1116 3166 1255 3249 crebro,

265 3278 342 3334 turn
361 3289 428 3356 pro
443 3266 536 3334 Mar.
554 3264 677 3335 Coelio
696 3266 828 3350 utitur,
854 3268 904 3337 sic
918 3268 1102 3360 colligens:
1136 3269 1253 3340 Nemo

262 3367 487 3459 voluptarius
516 3368 701 3438 literarum
732 3371 910 3440 studiosus
938 3383 1010 3454 est,
1051 3384 1088 3439 at
1112 3370 1255 3441 Coelius

263 3469 448 3539 literarum
480 3470 676 3553 studiosus,
691 3483 763 3554 est,
797 3473 1021 3564 voluptarius
1044 3473 1154 3564 igitur
1179 3498 1254 3542 non

265 3584 335 3654 est,
363 3595 469 3664 quem
485 3570 729 3663 syllogismum
746 3574 906 3643 oratorio
933 3598 1032 3644 more
1055 3575 1255 3667 copiosissi-

262 3696 321 3739 me
338 3673 484 3762 exponit
492 3671 635 3755 Cicero,
661 3675 818 3765 primum
835 3677 1116 3768 complexionem
1139 3679 1252 3768 ipsam

263 3796 490 3864 proponens,
538 3774 667 3844 deinde
701 3777 905 3860 minorem,
952 3790 1034 3868 post
1067 3780 1254 3851 maiorem.

262 3874 357 3946 Nam
391 3869 462 3942 hoc
497 3875 623 3945 ordine
655 3878 730 3946 fere
761 3891 796 3947 et
830 3875 1089 3949 Demosthenes
1130 3882 1254 3953 utitur.

262 3974 382 4045 Verba
400 3975 602 4061 Ciceronis,
629 4002 701 4071 quo
727 3992 887 4049 asuescat
903 3980 1068 4052 iuventus
1092 3984 1138 4052 ad
1162 3983 1254 4053 iudi-

262 4079 357 4148 cium
384 4103 449 4172 per
477 4079 657 4171 exempla,
698 4080 903 4151 subiiciam:
945 4085 994 4150 At
1026 4108 1111 4153 vero
1142 4084 1180 4152 in
1202 4085 1253 4156 M.

264 4180 387 4251 Coelio
421 4179 553 4273 (dicam
583 4182 678 4252 enim
702 4183 774 4251 iam
802 4182 1037 4255 confidentius
1060 4186 1103 4255 de
1127 4187 1253 4258 studiis

263 4285 339 4354 cius
360 4279 537 4366 honestis,
565 4307 657 4379 quae
683 4288 797 4355 audeo
822 4299 936 4357 vestra
963 4289 1117 4381 quadam
1141 4290 1253 4361 fretus

262 4387 457 4480 sapientia,
485 4387 595 4456 libere
611 4387 790 4485 confiteri)
805 4391 901 4459 nulla
925 4390 1083 4461 luxuries
1099 4391 1252 4483 reperie-

263 4501 341 4571 tur,
376 4489 467 4558 nulli
487 4503 670 4582 sumptus,
706 4492 843 4562 nullum
869 4516 927 4562 aes
950 4492 1127 4576 alienum,
1153 4495 1250 4565 nulla

262 4591 511 4661 conviviorum
535 4616 577 4661 ac
599 4593 793 4664 lustrorum
818 4594 951 4677 libido,
985 4597 1082 4688 quod
1106 4597 1249 4689 quidem

262 4691 389 4761 vitium
407 4694 544 4764 ventris
560 4707 595 4762 et
613 4696 783 4785 gutturis,
810 4719 885 4765 non
907 4699 1017 4765 modo
1032 4696 1162 4791 non'⁸)
1185 4699 1251 4766 mi-

260 4795 342 4864 nuit
355 4807 452 4864 aetas
467 4790 692 4879 hominibus,
718 4802 779 4868 sed
797 4812 831 4867 et
848 4811 964 4888 auget.
1016 4798 1168 4868 Amores
1189 4823 1252 4870 au-

261 4908 354 4978 tem,
387 4910 423 4965 et
444 4892 512 4965 hae
532 4898 695 4981 delitiae,
737 4925 828 4994 quae
853 4913 1045 4984 vocantur,
1079 4904 1251 4994 quaelir·

260 4998 376 5068 miore
407 5001 723 5092 animo-praeditis
749 5002 882 5072 diutius
903 5004 1072 5071 molestae
1096 5027 1170 5072 non
1195 5029 1251 5074 so·

258 5101 335 5168 lent
358 5126 450 5183 esse,
477 5115 615 5172 mature
641 5106 735 5172 enim
762 5118 796 5173 et
820 5104 980 5173 celeriter
1001 5104 1250 5190 deflorescunt,

259 5225 446 5299 nunquam
462 5199 558 5273 hunc
575 5219 806 5297 occupatum,
832 5206 1114 5301 impeditumque
1129 5220 1250 5279 tenue-

128 5338 134 5349 *
260 5319 358 5377 runt.
379 5314 390 5323 “
407 5304 590 5378 Hactenus
605 5309 730 5379 Cicero
747 5305 866 5378 thema
884 5335 946 5382 seu
965 5311 1247 5404 complexionem

295 5541 343 5600 bt)
361 5544 462 5595 Annot.
474 5552 580 5604 marg:
599 5540 741 5590 §mundae
753 5540 860 5605 figurae
873 5553 941 5591 osus
963 5540 1009 5590 ast
1027 5541 1055 5593 tr
1073 5542 1248 5595 contemnite.

276 5626 343 5683 -ιιῦ
360 5623 430 5691 non]
448 5628 500 5676 hoc
516 5625 634 5675 sltem
652 5624 680 5675 ln
697 5624 748 5674 Ed.
763 5628 788 5678 2.
808 5626 939 5678 οιίεηιε
958 5628 1011 5678 cst.

1304 712 1419 792 rium;
1445 706 1574 779 dehinc
1591 711 1769 778 minorem
1786 708 1966 799 producit,
1979 708 2302 779 instructissimam

1304 813 1402 881 illam
1419 812 1563 906 quidem
1582 824 1622 881 ut
1636 810 1771 893 omnia,
1789 806 1846 904 ῌε
1862 810 1994 880 verbis:
2020 808 2213 895 Audistis,
2232 833 2302 878 cum

1305 939 1372 1007 pro
1402 936 1440 984 se
1471 916 1622 996 diceret,
1665 912 1812 982 audistis
1837 924 1962 996 antea,
1993 936 2078 982 cum
2107 925 2303 993 accusaret,

1305 1015 1537 1109 (defendendi
1559 1039 1680 1086 caussa
1698 1010 1806 1097 haec,
1829 1037 1905 1083 non
1926 1014 2115 1105 gloriandi
2135 1013 2302 1108 eloquor)

1306 1142 1416 1210 genus
1437 1115 1632 1200 orationis,
1670 1117 1895 1201 facultatem,
1935 1116 2080 1208 copiam
2108 1116 2303 1185 sententia-

1305 1243 1385 1290 rum
1403 1233 1510 1314 atque
1524 1220 1737 1300 verborum,
1764 1240 1855 1312 quae
1874 1231 1990 1287 vestra
2014 1217 2229 1312 prudentia
2249 1233 2304 1300 est,

1306 1321 1551 1414 perspexistis,
1592 1333 1700 1414 atque
1729 1320 1767 1390 in
1789 1343 1832 1387 eo
1858 1344 1934 1387 non
1960 1321 2082 1392 solum
2120 1318 2303 1411 ingenium

1306 1426 1445 1493 elucere
1459 1423 1535 1494 eius
1550 1422 1745 1505 videbatis,
1771 1423 1869 1514 quod
1884 1445 1989 1513 saepe
2004 1422 2126 1491 etiarn
2153 1420 2187 1491 si
2211 1421 2304 1491 indu·

1306 1523 1391 1595 stria
1408 1548 1483 1593 non
1499 1525 1626 1606 alitur,
1655 1525 1891 1592 valet-tamen
1913 1522 2032 1615 ipsum
2056 1523 2140 1593 suis
2164 1523 2303 1594 viribus.

1306 1627 1376 1696 Sed
1399 1626 1515 1696 inerat
1537 1623 1700 1719 (nisime
1722 1638 1871 1716 propter
1890 1625 2199 1696 benevolentiam
2221 1628 2301 1695 forte

1304 1729 1467 1824 fallebat)
1482 1728 1599 1797 oratio
1614 1726 1766 1796 ethonis
1782 1727 1918 1798 artibus
1941 1726 2112 1799 instituta
2124 1781 2139 1812 ,
2169 1741 2206 1797 et
2222 1753 2301 1823 ‘curs

1307 1843 1343 1900 et
1356 1830 1487 1922 vigiliis
1503 1830 1697 1900 elaborata.
1749 1827 1929 1899 Hactenus
1944 1829 2076 1901 Cicero
2099 1831 2303 1922 argumenti

1306 1932 1484 2001 minorem
1514 1928 1635 2015 duxit,
1676 1953 1785 2024 quam
1817 1945 1984 2016 exornat,
2021 1933 2228 2028 munitque
2250 1934 2303 2001 ad-

1307 2034 1394 2104 iecta
1412 2034 1571 2117 maiore,
1596 2033 1714 2101 omnis
1730 2031 1825 2116 enim
1842 2034 1958 2103 maior
1974 2033 2012 2102 in
2038 2035 2193 2105 duabus
2217 2035 2303 2126 prio-

1305 2136 1405 2205 ribus
1432 2136 1554 2226 figuris
1588 2133 1890 2231 conformatioss)
1921 2138 2107 2230 quaedam
2140 2138 2301 2227 gnomics

1307 2234 1430 2333 est¹').
1481 2235 1540 2306 Sic
1555 2259 1642 2305 vero
1658 2236 1735 2305 ille:
1768 2237 1885 2330 Atque
1910 2238 2039 2308 scitote
2059 2239 2226 2324 iudices,
2250 2264 2302 2309 eas

1306 2338 1538 2431 cupiditates,
1563 2361 1656 2432 quae
1676 2337 1894 2409 obiiciuutur
1907 2337 2057 2423 Coelio,
2082 2354 2200 2435 atque
2221 2338 2300 2411 haec

1305 2442 1444 2524 studia,
1468 2443 1512 2511 de
1535 2441 1663 2534 quihus
1687 2439 1851 2531 disputo,
1884 2464 1961 2510 non
1981 2442 2091 2512 lacile
2114 2444 2158 2511 in
2181 2447 2297 2514 eodem

1305 2538 1452 2613 homine
1482 2567 1555 2614 esse
1576 2565 1691 2633 posse.
1747 2541 1844 2611 Fieri
1868 2543 1963 2612 enim
1986 2568 2068 2614 non
2092 2558 2235 2636 potest,
2265 2560 2299 2618 ut

1306 2644 1447 2715 animus
1461 2644 1603 2715 libidini
1619 2644 1779 2728 deditus,
1806 2668 1945 2728 amore,
1971 2647 2185 2733 desiderio,
2211 2648 2300 2742 cupi-

1305 2746 1435 2831 ditate,
1462 2772 1524 2839 spe
1547 2745 1681 2829 nimia,
1707 2746 1831 2837 copia,
1857 2746 1980 2838 inopia
1999 2749 2114 2818 etiam
2136 2776 2300 2821 nonnun-

1306 2873 1415 2943 quam
1433 2850 1644 2943 impeditus,
1667 2843 1736 2917 boc
1750 2849 1926 2942 quidquid
1942 2862 2015 2934 est,
2051 2855 2155 2945 quod
2173 2878 2240 2925 nos
2253 2856 2299 2923 fa-

1306 2951 1419 3021 cimus
1439 2950 1477 3020 in
1499 2952 1672 3034 dicendo,
1698 2973 1773 3019 non
1795 2953 1905 3020 modo
1926 2954 2092 3044 agendo,
2118 2965 2299 3026 verum'et

1306 3053 1495 3143 cogitando
1509 3053 1622 3145 possit
1633 3053 1826 3137 sustinere,
1850 3066 1958 3147 atque
1974 3050 2067 3125 baec
2090 3056 2212 3128 forma
2231 3083 2300 3128 ma·

1306 3154 1362 3223 ior
1377 3167 1429 3224 est
1445 3154 1657 3246 argumenti.
1708 3154 1854 3225 Possem
1878 3151 1948 3226 hoc
1969 3180 2083 3248 genus
2107 3161 2297 3232 innumera

1307 3267 1386 3328 com
1406 3282 1449 3326 cx
1464 3252 1681 3350 prophanis,
1707 3270 1783 3327 tum
1801 3283 1844 3328 ex
1859 3257 1969 3330 sacris
1985 3262 2194 3334 oratoribus
2219 3289 2300 3357 pro·

1307 3363 1457 3443 ducere,
1490 3361 1561 3431 nisi
1583 3359 1714 3430 nollem
1737 3363 1958 3433 iuventutem
1978 3363 2136 3432 obscuris
2162 3364 2300 3437 alicubi

1307 3462 1476 3554 exemplis
1492 3486 1653 3533 onerare.
1705 3460 1879 3534 Observet
1900 3464 2044 3559 quisque
2058 3480 2301 3554 argumento·

1306 3588 1386 3635 rum
1403 3565 1587 3649 ordinem,
1612 3565 1862 3659 rationemque
1879 3567 2066 3658 diligenter
2083 3565 2122 3634 in
2142 3567 2296 3658 optimis

1307 3667 1507 3761 quibusque
1522 3667 1774 3758 scriptoribus,
1800 3694 1873 3761 quo
1890 3683 1925 3739 et
1940 3669 2087 3739 illorum
2103 3670 2298 3741 sententias

1306 3768 1436 3838 certius
1458 3781 1686 3862 assequatur,
1729 3782 1764 3838 et
1784 3769 1939 3856 imitari,
1981 3772 2012 3841 si
2047 3775 2197 3867 quando
2218 3798 2298 3845 usus

1305 3870 1519 3962 postulabit,
1543 3870 1681 3941 facilius
1698 3885 1816 3965 queat.

1383 4038 1506 4109 Modi
1536 4042 1760 4112 secundae
1795 4043 1975 4134 figurae
2016 4060 2233 4139 quatuor

1595 4144 1805 4234 negativi
1840 4170 2002 4218 omnes.

1305 4276 1371 4347 Ces
1406 4274 1523 4349 Nemo
1540 4279 1723 4349 bonusest
1743 4304 1867 4351 amans
1884 4281 2044 4372 gloriae,

1304 4403 1326 4448 a
1408 4377 1544 4451 Omnes
1576 4376 1783 4473 philosophi
1820 4397 1904 4454 sunt
1942 4399 2114 4471 amantes
2158 4388 2298 4480 gloriae,

1712 4507 1751 4552 cr
1775 4509 1797 4553 o

1303 4608 1342 4652 re
1405 4582 1521 4653 Nemo
1539 4509 1836 4676 philosopholum
1855 4601 1908 4657 est
1924 4586 2053 4658 bonus.

1304 4701 1390 4770 Cam
1409 4700 1543 4769 Omnes
1560 4702 1646 4769 boni
1662 4716 1746 4772 sunt
1761 4717 2023 4796 contemptores
2040 4708 2210 4798 gloriae,

1304 4828 1340 4874 es
1408 4803 1523 4873 Nemo
1558 4801 1854 4896 philosophorum
1889 4811 2091 4879 contemnit
2135 4816 2294 4905 gloriam,

1712 4932 1751 4976 er
1775 4934 1796 4977 o

1303 5019 1375 5077 tres
1411 5007 1527 5079 Nemo
1544 4934 1841 5101 philosophogrum
1858 5013 2053 5084 bonusest.

1302 5126 1369 5198 Fes
1407 5124 1522 5197 Nemo
1533 5128 1818 5219 voluptariorum
1831 5144 1883 5201 est
1897 5131 2079 5204 studiosus
2093 5135 2293 5221 literarum.

1302 5230 1330 5299 ti
1406 5229 1547 5300 Coelius
1563 5243 1615 5300 est
1629 5232 1807 5303 studiosus
1822 5235 2028 5317 literarum,
2057 5260 2152 5329 ergo

1302 5355 1363 5401 no.
1408 5331 1550 5402 Coelius
1562 5358 1637 5401 non
1653 5349 1705 5405 est
1720 5336 1953 5427 voluptarius.

1334 5537 1385 5593 ιι)
1402 5533 1597 5603 orror-sm]
1615 5538 1666 5589 tr.
1679 5538 1705 5591 t.
1724 5551 1823 5590 uror·
1840 5543 1918 5604 syn:
1942 5542 2124 5597 ωπετιειιο

1334 5623 1384 5681 ω)
1396 5622 1499 5672 mot.
1508 5632 1606 5689 terga
1618 5623 1749 5676 θιοιιεε
1760 5626 1942 5677 oenones·
1952 5628 2073 5680 norun
2085 5635 2237 5687 εειιειιιε
2247 5638 2291 5685 a*
