5125 6525
129 440 220 551 tet
774 434 1399 526 snusrmmmsnvotn
1417 434 1546 514 1,-1(
2070 444 2172 526 ιω,

140 630 241 701 quum
256 605 416 678 Balsami
428 602 589 692 hortum,
603 608 738 706 alioqui
753 633 839 680 vero
852 622 1002 702 propter
1017 610 1131 702 ipsam
1183 632 1259 693 ses,
1285 608 1473 697 coniugem
1488 608 1635 697 vestigia
1650 620 1714 676 tua
1726 629 1824 698 pone
1838 610 2034 698 legentem,
2059 623 2095 681 et
2110 624 2173 690 aut

138 708 361 800 fertilitatem
385 709 540 781 obnoxia
557 710 843 790 latrunculorum
859 712 1058 786 vicinorum
1077 712 1133 782 in-
1184 709 1370 801 gravidam
1388 731 1562 801 aegreque
1578 708 1801 784 incedentem
1819 711 2004 803 conqueri,
2028 723 2092 786 aut
2106 714 2172 786 snb

139 809 384 896 tussionibus,
410 836 455 882 ne
480 812 619 886 incolae
634 813 705 882 loci
720 814 816 886 illius
832 814 997 907 occupati
1013 816 1132 884 deme·
1184 814 1344 904 pondere
1363 834 1487 883 recens
1508 810 1595 880 editi
1612 810 1756 881 infantis
1770 810 2001 902 ingemiscere
2017 814 2173 890 audiris

139 913 256 1001 tendis
271 925 306 983 et
319 913 559 1006 importandis
572 913 755 1006 frugibus,
780 916 948 1001 inermes,
969 928 1132 1009 tempore
1183 938 1255 994 scs;
1281 912 1436 1007 denique
1461 936 1586 984 omnes
1608 924 1691 984 tuos
1713 912 1860 985 vidisses
1882 916 2172 994 consternatione

139 1014 264 1085 messis
296 1015 414 1085 subito
447 1016 487 1084 in
519 1017 614 1108 agris
641 1020 932 1112 opprimerentur
957 1042 979 1086 a
1006 1018 1131 1088 vicinis
1184 1017 1356 1106 pallentes
1378 1028 1414 1085 et
1436 1015 1676 1108 trepidantes,
1700 1037 1742 1084 ac
1755 1017 1799 1084 de
1814 1016 1885 1085 fine
1900 1016 2121 1108 periculosae
2136 1032 2173 1092 et

139 1118 420 1209 grassatoribus,
443 1119 647 1203 Arabibus,
670 1120 839 1193 Moabitis
856 1135 891 1191 et
907 1120 998 1191 aliis.
1182 1141 1331 1209 asperae
1349 1117 1428 1186 viae
1442 1118 1592 1188 subinde
1608 1116 1851 1190 sciscitantes?
1887 1115 2019 1190 Nonne
2034 1143 2102 1212 pro
2114 1116 2172 1206 bie

240 1217 310 1288 Sed
339 1213 435 1289 hunc
456 1221 573 1312 ipsum
598 1236 680 1292 ante
703 1216 773 1293 hoc
794 1237 934 1315 tempus
957 1222 1129 1292 invictum
1182 1219 1373 1303 sollicitus,
1398 1221 1524 1290 crebro
1545 1220 1715 1291 adversus
1736 1219 1873 1290 flumen
1891 1220 1937 1296 ad
1952 1220 2050 1289 illam
2067 1224 2173 1298 terri-

85 1389 95 1396 ,
137 1344 303 1404 murum,
341 1317 530 1391 Iordanem
564 1323 748 1407 videlicet,
787 1325 993 1418 plenissimo
1028 1326 1129 1394 alveo
1181 1321 1291 1391 bilem
1314 1321 1446 1391 molem
1467 1334 1695 1391 coacervatae
1717 1321 1756 1391 in
1778 1321 1989 1394 immensam
2013 1323 2171 1394 altitudi-

137 1419 309 1492 fluentem
330 1436 366 1491 et
389 1427 645 1512 exundantem,
679 1424 777 1498 Deus
797 1452 862 1498 suo
887 1427 1022 1520 populo
1045 1439 1130 1495 tunc
1181 1447 1265 1493 nem
1299 1447 1435 1516 aquae,
1475 1447 1616 1514 semper
1647 1424 1791 1495 ruinam
1823 1425 2015 1509 minantis,
2049 1427 2172 1498 oculos

136 1524 302 1613 pervium
325 1525 408 1594 iecit
428 1526 499 1610 ita,
525 1539 565 1598 ut
581 1538 698 1599 stante
713 1542 750 1599 et
767 1530 988 1600 accumulata
1008 1530 1046 1597 in
1063 1528 1129 1597 im·
1182 1526 1410 1610 coniecisses,
1443 1538 1479 1594 et
1500 1525 1650 1595 subinde
1675 1525 1916 1618 explorassas,
1941 1551 2029 1597 num
2054 1525 2173 1600 adhuc

137 1649 298 1711 mensam
323 1627 454 1696 molem
478 1654 571 1722 aqua
594 1631 758 1719 superius
773 1656 894 1701 versus
909 1633 1068 1713 fontem,
1095 1642 1130 1698 et
1181 1628 1261 1698 loco
1292 1652 1357 1699 suo
1388 1640 1504 1697 erecta
1529 1650 1624 1721 aqna
1648 1627 1844 1699 consistat?
1902 1628 2033 1700 Nonne
2058 1630 2171 1708 oculis

135 1727 273 1821 reliqua
293 1727 464 1798 inferiore
480 1755 573 1824 aqua
589 1731 765 1802 defluente
784 1735 822 1802 in
844 1736 960 1803 lacum
976 1729 1128 1824 Asphal·
1181 1730 1284 1799 anxie
1307 1730 1534 1800 intervallum
1556 1728 1738 1801 ulterioris
1759 1730 1861 1821 ripae
1884 1731 2010 1803 luisses
2033 1730 2171 1804 dimen-

135 1829 238 1911 titen,
265 1828 420 1899 Hebraei
435 1832 535 1903 siccis
553 1834 704 1925 pedibus
720 1836 872 1906 transire
890 1848 1046 1928 possent.
1080 1836 1129 1904 At
1179 1856 1258 1914 sus,
1291 1845 1327 1899 et
1348 1832 1598 1923 perlustrasses
1622 1832 1744 1901 omnia
1768 1834 1846 1901 loca
1870 1834 2056 1924 opposita,
2081 1857 2171 1903 num

136 1926 271 2024 qu'auta
287 1931 498 2004 multitudo!
533 1935 668 2007 Textus
681 1937 811 2007 diserte
828 1938 957 2031 inquit,
978 1944 997 2005 a
1012 1937 1127 2007 Moise
1180 1934 1260 2027 quis
1281 1928 1421 2005 hostilis
1442 1932 1615 2004 exercitus
1640 1958 1682 2003 ex
1700 1933 1818 2004 vicino
1836 1936 1970 2026 oppido
1987 1930 2171 2020 Hiericho,

136 2043 171 2101 et
192 2033 304 2114 fratre
325 2034 456 2106 iterum
479 2052 670 2107 numerato
693 2042 828 2132 populo
850 2041 921 2108 iam
942 2063 1126 2110 accessero

135 2135 181 2202 ad
196 2130 408 2220 Iordanem,
435 2139 579 2209 inventa
595 2165 669 2211 esse
684 2155 846 2212 sexcenta
869 2154 905 2211 et
920 2166 1031 2211 unum
1047 2141 1127 2210 mil·

99 2295 103 2302 .
132 2235 181 2303 lia
206 2236 367 2307 virorum
397 2242 642 2313 excedentium
666 2245 874 2314 vicesimum
910 2245 1036 2320 aetatis
1060 2267 1128 2311 an·

133 2361 233 2408 num.
264 2336 340 2408 lam
357 2342 474 2433 cogita
489 2357 629 2416 coetum
646 2347 859 2428 mulierum,
885 2347 1126 2437 impuberum,

101 2461 104 2465 ’
133 2439 417 2529 mancipiorum,
452 2447 694 2531 advenarum,
727 2448 790 2540 qui
816 2471 854 2518 se
876 2444 1047 2521 Israelitis
1068 2471 1126 2516 ex-

134 2541 300 2612 euntibus
322 2544 603 2630 coniunxerant,
630 2561 664 2618 et
686 2563 870 2641 praeterea
890 2549 1048 2640 ingentia
1069 2572 1126 2617 ar·

133 2653 254 2712 menta
274 2643 533 2719 iumentorum.
584 2649 682 2719 Haec
703 2664 801 2722 tenta
826 2653 1020 2722 multitudo
1043 2676 1123 2721 cum

92 2759 97 2765 ·
133 2754 189 2812 tot
205 2768 246 2812 ec
262 2747 371 2816 tantis
387 2747 672 2841 impedimentis,
698 2778 772 2824 nnn
792 2754 911 2846 potuit
925 2755 1043 2825 subito
1059 2778 1125 2845 per

133 2848 265 2914 vadum
287 2847 446 2920 fluminis
464 2865 727 2940 transcurrere,
759 2858 820 2927 sed
835 2853 933 2926 haud
948 2857 1054 2927 dubie
1070 2858 1125 2924 in·

132 2949 293 3018 tercessit
307 2975 410 3019 mora
430 2956 623 3025 multarum
641 2953 835 3040 horarum,
864 2960 920 3027 vel
935 2959 1054 3050 potius
1069 2972 1124 3027 to·

131 3050 202 3119 tius
235 3051 327 3135 diei,
361 3055 477 3124 donec
508 3059 781 3131 innumerabilis
812 3056 900 3130 haec
930 3061 1122 3132 multitudo

132 3152 251 3223 omnis
280 3156 420 3224 traduci
443 3160 580 3248 potuit,
615 3186 686 3256 quo
712 3175 789 3232 toto
812 3175 975 3254 tempore
1001 3177 1121 3232 tamen

130 3278 272 3347 semper
305 3257 417 3330 moles
438 3260 499 3330 illa
523 3287 700 3357 aquarum
726 3266 764 3333 in
785 3267 929 3335 sublimi
951 3266 1123 3335 divinitus

130 3369 325 3428 sustentata
342 3363 459 3446 stetit,
485 3389 530 3433 ne
544 3366 736 3461 deflueret,
763 3369 935 3458 quamdiu
950 3392 1031 3437 arca
1047 3369 1122 3436 Ine-

131 3459 226 3529 deris
242 3460 281 3527 in
295 3464 416 3531 medio
433 3469 525 3534 vado
540 3464 704 3537 Iordanis
720 3469 945 3539 consistebat.

232 3559 286 3628 lta
303 3567 476 3656 temporis
491 3592 636 3661 quoque
652 3569 890 3640 consideratio
907 3571 1122 3663 magnitudi-

129 3686 214 3730 nem
229 3663 393 3733 miraculi
409 3662 515 3738 huius
530 3670 724 3762 plurimum
743 3686 860 3764 auget.

234 3763 303 3833 Sed
322 3766 352 3835 si
367 3769 462 3838 diem
481 3773 587 3841 etiam
604 3775 728 3844 audias
743 3775 944 3860 nominari,
970 3800 1043 3869 quo
1057 3800 1121 3866 po·

129 3865 236 3958 pulus
256 3865 419 3943 Iordanis
442 3876 574 3944 vadum
598 3878 783 3961 transivit,
809 3878 923 3949 multo
948 3879 1121 3948 efficacius

130 3980 166 4037 te
186 3969 318 4039 factum
344 3973 461 4065 ipsum
487 3990 638 4069 propter
662 3980 836 4072 temporis
849 3980 1027 4049 rationem
1045 4005 1121 4050 mo-

129 4070 238 4140 vebit.
297 4072 390 4144 Nam
413 4079 444 4147 si
469 4080 608 4150 decimo
633 4082 691 4151 die
719 4083 852 4153 mensis
873 4084 1008 4175 Aprilis
1034 4083 1122 4152 inci-

130 4174 195 4244 das
217 4174 255 4243 in
273 4170 480 4249 huiusmodi
497 4179 706 4254 historicum
723 4185 997 4270 Calendarium,
1023 4186 1123 4255 inve·

129 4275 280 4373 niasque
309 4280 360 4348 ibi
390 4285 625 4375 adscriptum:
669 4288 745 4356 Hoc
775 4289 833 4357 die
856 4288 965 4381 primi
990 4289 1122 4360 mensis

129 4376 400 4467 Hebraeorum,
435 4388 607 4479 populum
632 4387 863 4461 israeliticum
888 4414 953 4480 per
974 4391 1119 4480 plenum

131 4495 168 4551 et
193 4486 433 4556 exundantem
456 4502 532 4559 tum
561 4488 751 4561 Iordanem
779 4495 856 4564 sine
886 4493 1038 4563 navibus
1067 4491 1121 4560 in-

130 4585 308 4656 eolumem
324 4593 528 4662 traductum
545 4617 637 4663 esse:
669 4595 720 4662 ibi
734 4597 916 4665 mentione
934 4596 1006 4665 diei
1025 4621 1122 4665 com·

129 4690 371 4775 monelactus,
393 4697 495 4787 quasi
511 4697 550 4764 in
565 4720 640 4764 rem
658 4713 881 4789 praesentem
902 4711 937 4767 te
953 4699 1035 4767 duci
1050 4698 1121 4768 exi-

130 4789 311 4876 stimabis,
343 4809 380 4864 et
410 4799 694 4889 magnitudinem
726 4801 874 4890 periculi
900 4813 935 4870 et
958 4801 1122 4870 miraculi

130 4892 238 4963 altius
258 4901 477 4988 perpendes,
506 4914 541 4970 et
565 4902 780 4993 cogitatione
803 4916 838 4973 te
860 4904 977 4995 ipsum
997 4904 1050 4971 illi
1067 4905 1122 4973 in·

130 4995 230 5100 genti
243 5001 465 5071 multitudini
481 5005 583 5097 quasi
598 5005 834 5089 immiscebis,
859 5019 966 5101 teque
989 5007 1122 5076 exami-

130 5096 235 5167 nabis
257 5099 297 5168 in
315 5098 412 5173 hunc
435 5110 582 5178 modum
603 5108 845 5199 interrogans:
879 5110 963 5202 Quo
980 5122 1021 5179 tu
1036 5109 1122 5180 iuis·

1180 2048 1243 2105 aut
1269 2036 1415 2107 aliunde
1436 2038 1482 2105 ad
1505 2035 1623 2127 ripam
1648 2036 1784 2109 infestis
1808 2037 1918 2107 armis
1941 2034 2169 2108 occurreret?

1178 2137 1308 2208 Nonne
1331 2139 1486 2232 denique
1507 2161 1652 2206 omnem
1677 2140 1964 2230 praecedentium
1980 2140 2169 2225 incessum,

1179 2253 1214 2308 et
1237 2253 1381 2311 tuorum
1407 2241 1513 2310 etiam
1532 2241 1703 2310 comitum
1721 2243 1895 2331 gradum,
1920 2254 1961 2313 ut
1974 2242 2082 2311 nimis
2096 2254 2169 2312 tar·

1179 2345 1264 2410 dum
1298 2342 1337 2410 in
1370 2356 1471 2412 tanto
1498 2342 1657 2432 periculo
1684 2343 1924 2434 increpasses,
1965 2357 2002 2414 et
2025 2368 2167 2415 moram

1178 2443 1408 2535 castigasses?
1464 2442 1604 2514 Deinde
1635 2444 1802 2514 obicum
1826 2457 1901 2516 tota
1925 2446 2168 2532 multitudiue,

1178 2557 1213 2615 et
1235 2570 1317 2615 cnm
1339 2558 1401 2616 tua
1425 2545 1559 2615 familia
1583 2546 1794 2631 incolumis,
1818 2546 1857 2615 iu
1880 2546 2030 2618 alteram
2047 2548 2167 2639 ripam
2189 2585 2201 2622 .¹'·

1177 2648 1396 2733 emersisses,
1421 2661 1458 2718 et
1472 2660 1595 2742 postea
1612 2648 1779 2734 vidisses,
1805 2672 1887 2719 arca
1904 2673 1948 2719 ex
1961 2650 2082 2720 medio
2100 2649 2167 2720 flu·

1177 2751 1284 2822 minis
1313 2752 1407 2820 vado
1434 2751 1472 2819 in
1494 2764 1611 2822 tutum
1634 2752 1754 2822 locum
1779 2764 1984 2846 reportata,
2018 2776 2165 2824 omnem

1176 2853 1275 2921 illam
1289 2856 1502 2945 pendentem
1518 2854 1618 2944 prius
1630 2857 1676 2924 ad
1690 2856 1839 2926 modum
1855 2854 2048 2928 altissimae
2063 2854 2165 2946 rupis

1176 2979 1307 3049 aquam
1331 2956 1450 3027 subito
1469 2956 1663 3048 collapsam
1687 2980 1769 3028 cum
1793 2958 1932 3050 impetu
1947 2960 2103 3043 irruere,
2129 2970 2166 3029 et

1175 3082 1250 3128 uon
1273 3060 1383 3128 modo
1407 3070 1523 3129 totum
1546 3060 1708 3144 alveum,
1730 3062 1793 3129 sed
1816 3061 1924 3130 etiam
1943 3060 2022 3130 loca
2043 3059 2163 3130 vicina

1174 3162 1245 3229 late
1266 3160 1437 3250 implere,
1463 3173 1500 3229 et
1520 3160 1626 3229 obvia
1650 3184 1813 3256 quaeque
1832 3174 2007 3241 sternere;
2040 3184 2163 3232 nonne

1173 3260 1243 3332 Dei
1262 3262 1473 3332 immensam
1498 3262 1696 3332 bonitatem
1718 3262 1929 3336 effusissimo
1944 3262 2061 3334 cordis
2076 3288 2166 3356 gan⁴

1173 3367 1256 3447 dio,
1281 3364 1448 3458 claraque
1465 3389 1552 3435 voce
1569 3366 1833 3456 praedicasses?
1859 3379 2011 3460 tuosque
2028 3365 2162 3439 liberos

1174 3470 1221 3535 ad
1243 3468 1384 3536 easdem
1407 3480 1526 3559 partes
1547 3467 1705 3538 laetitiae
1727 3481 1763 3538 et
1786 3469 1984 3560 gratiarum
2009 3468 2161 3540 actionis

1174 3569 1307 3639 crebris
1325 3568 1472 3640 monitis
1495 3568 1682 3640 vocasses?
1713 3583 1749 3641 et
1768 3566 1865 3640 hunc
1880 3571 1976 3640 diem
1993 3570 2161 3642 omnibus

1173 3671 1278 3742 annis
1305 3671 1399 3741 vitae
1428 3672 1537 3743 totius
1564 3672 1752 3763 diligenter
1773 3671 1976 3756 observari,
2011 3685 2046 3741 et
2070 3671 2160 3742 cele-

1173 3774 1272 3843 brari
1294 3787 1395 3866 grata
1417 3775 1592 3844 memoria
1614 3777 1661 3844 ob
1684 3787 1759 3845 tam
1781 3775 1958 3867 insignem
1977 3773 2161 3844 liberatio·

1173 3902 1254 3948 nem
1272 3876 1413 3968 saepius
1429 3875 1612 3949 iussisses?

1274 3978 1373 4049 Haec
1394 3994 1429 4050 et
1449 3981 1518 4048 alia
1539 3979 1650 4050 multa
1674 3978 1741 4049 tibi
1766 3980 1912 4050 venient
1935 3981 1974 4050 in
1990 3991 2161 4062 mentem,

1173 4076 1267 4151 hanc
1284 4081 1411 4175 populi
1429 4082 1677 4153 liberationem
1694 4081 1935 4154 consideranti
1950 4104 1992 4151 eo
2009 4080 2086 4173 ipso
2101 4080 2160 4152 die

1174 4183 1272 4267 anni,
1300 4208 1372 4277 quo
1389 4185 1482 4253 iacta
1499 4209 1572 4256 esse
1588 4183 1768 4268 scribitur,
1794 4183 1878 4278 quia
1894 4184 1970 4274 ipsa
1988 4183 2161 4273 temporis

1173 4284 1266 4355 ratio
1283 4296 1317 4355 te
1333 4287 1436 4379 quasi
1452 4287 1489 4355 in
1506 4286 1710 4357 societatem
1723 4280 1830 4357 huius
1844 4283 2014 4355 transitus
2029 4283 2160 4373 perdu-

1174 4390 1240 4471 cit,
1281 4388 1466 4483 multnque
1494 4388 1607 4479 magis
1635 4386 1761 4472 afficit,
1795 4409 1905 4479 quam
1931 4386 1962 4456 si
1988 4383 2065 4454 sine
2087 4382 2161 4453 diei

1175 4490 1356 4559 mentione
1387 4491 1503 4561 obiter
1532 4502 1595 4559 aut
1619 4490 1772 4580 legeres,
1808 4500 1871 4558 aut
1894 4485 2038 4558 audires
2059 4485 2159 4555 illam

1174 4593 1377 4662 sonandam
1392 4590 1592 4664 historiam.

1274 4694 1391 4786 Magis
1422 4696 1529 4766 etiam
1563 4691 1815 4776 delectaberis,
1853 4691 1917 4762 ubi
1957 4713 2161 4782 cognosces,

1174 4798 1271 4892 quod
1288 4793 1470 4883 Christus,
1500 4810 1541 4868 ut
1560 4820 1626 4867 suo
1639 4794 1775 4889 populo
1790 4791 1860 4864 boc
1874 4793 1992 4885 ipsum
2005 4793 2161 4872 annaeu-

1173 4904 1248 4973 lum
1269 4901 1456 4995 antiquum
1484 4900 1523 4969 iu
1549 4898 1761 4968 memoriam
1784 4906 1990 4978 revocaret,
2031 4896 2160 4965 eodem

1173 5005 1232 5074 die
1245 5003 1385 5074 decimo
1400 5002 1531 5075 mensis
1545 5000 1675 5092 primi,
1700 5000 1746 5070 ab
1762 4993 1833 5069 hoc
1846 4997 1925 5090 ipso
1940 4998 2021 5067 loco
2036 4994 2160 5066 Iorda-

1174 5109 1231 5187 nis
1251 5120 1333 5177 ante
1353 5129 1487 5199 paucos
1508 5103 1583 5175 dies
1604 5101 1805 5196 profectus,
1831 5100 1870 5170 iu
1890 5101 2016 5169 urbem
2032 5097 2160 5167 Hiero·

130 5223 187 5271 ses
210 5202 333 5273 animo
356 5207 394 5275 in
418 5222 519 5278 tanto
545 5210 770 5295 discrimine,
795 5211 826 5282 si
847 5213 1121 5281 intantaturba
1173 5210 1349 5304 solymam
1379 5233 1459 5278 cum
1485 5229 1619 5298 pompa
1643 5203 1741 5295 regia
1767 5215 1820 5276 est
1839 5202 2021 5285 invectus,
2060 5211 2101 5269 ut
2121 5220 2160 5269 se

130 5298 321 5374 hominum
344 5321 380 5377 et
401 5311 644 5384 iumentorum
663 5337 728 5405 per
740 5315 898 5383 medium
918 5316 1049 5384 vadum
1066 5337 1123 5384 sa·
1175 5336 1306 5403 agnum
1328 5311 1374 5381 ad
1389 5305 1575 5381 Paschatis
1595 5307 1733 5378 instans
1752 5307 1902 5389 festum,
1928 5301 2159 5373 mactandum

130 5404 185 5476 xis
208 5430 376 5498 asperum
403 5412 621 5499 incessisses,
650 5428 685 5484 et
701 5415 870 5487 iumentis
886 5429 949 5488 aut
962 5413 1122 5486 humeris
1173 5437 1240 5507 pro
1255 5436 1383 5504 genere
1397 5408 1557 5482 humano
1572 5410 1668 5502 patri
1682 5407 1841 5491 sisteret,
1873 5417 1909 5476 et
1923 5427 2028 5475 suum
2044 5414 2160 5472 111111·

131 5509 203 5579 tuis
238 5510 426 5602 impositos
458 5518 629 5608 parvulos
662 5530 852 5609 gestasses,
894 5518 985 5590 alios
1017 5541 1123 5609 gran·
1173 5519 1263 5588 itum
1288 5539 1352 5606 per
1373 5511 1583 5596 Iordanem,
1622 5508 1692 5583 hoc
1716 5523 1789 5594 est,
1829 5505 2030 5598 passionem
2055 5525 2160 5574 suem

131 5612 312 5684 diusmdos
333 5616 465 5689 liberos
488 5643 598 5691 manu
617 5616 814 5713 prehensos
837 5635 953 5693 tecum
984 5632 1123 5713 raptas-
1174 5614 1382 5701 inchoaret,
1410 5640 1482 5711 qua
1501 5614 1607 5687 nobis
1629 5624 1751 5705 postea
1772 5605 1995 5692 transituris,
2024 5603 2161 5681 flumen

184 5730 366 5798 1111111111
386 5733 494 5799 om.
537 5734 713 5801 Vomxx.
1588 5710 1636 5785 61
