5125 6525
234 441 336 518 ssa
599 483 602 488 -
877 426 1001 502 rma.
1028 426 1142 501 usn.
1168 426 1375 500 semera
1399 424 1667 499 aaronica.
1950 449 1963 478 .·
2073 469 2075 476 .
2219 429 2299 509 404

259 625 301 683 ut
327 631 413 700 pace
443 616 544 697 parta
571 602 703 672 bellum
732 603 961 673 transferrem
989 602 1028 669 in
1054 600 1248 670 'succisum
1303 602 1400 693 qnod
1427 623 1485 670 res
1517 614 1634 690 gestae
1659 602 1849 695 praecipue
1877 615 2072 684 testantur,
2104 602 2298 676 Graeciam

259 735 422 805 reguum.
461 706 576 788 ,Hanc
597 706 643 773 ob
669 729 812 775 causam
835 704 1076 774 victormulta
1093 702 1251 775 concessi
1301 726 1376 771 non
1416 714 1544 794 sponte
1579 717 1641 774 aut
1673 706 1750 776 sine
1784 706 1979 776 certamine
2014 704 2190 795 accepisse
2227 702 2299 778 hoc

260 816 324 899 iis,
350 836 441 907 quos
465 809 575 879 armis
597 808 743 890 domui,
768 821 807 877 ut
826 832 902 876 mea
927 807 1175 876 moderatione
1190 831 1251 878 eos
1302 806 1438 896 iugum.

261 921 309 989 ad
323 937 446 1010 pacem
465 912 670 981 invitarem.
1404 904 1467 975 llla
1493 931 1579 976 vero
1606 910 1738 979 multos
1763 933 1878 978 annos
1900 908 2093 979 fortissime
2121 911 2298 983 dimicans

363 1017 460 1085 llaec
480 1014 661 1106 praefatus
684 1036 761 1080 sum
786 1011 972 1104 aliquanto
989 1011 1185 1102 prolixius,
1212 1022 1252 1079 ut
1302 1011 1448 1080 tandem
1475 1009 1648 1094 concidit,
1673 1035 1748 1080 non
1770 1012 1902 1079 virtute
1916 1024 2105 1102 superata,
2132 1014 2194 1083 sed
2210 1014 2297 1108 quia

260 1142 447 1217 quaemea
464 1114 685 1186 voluntasin
701 1108 889 1197 hisbellis,
916 1139 1009 1207 quae
1025 1114 1115 1204 gessi
1132 1109 1251 1208 hacta·
1302 1111 1376 1183 sola
1400 1124 1536 1180 tantam
1562 1108 1718 1182 hostium
1744 1113 2030 1197 multitudinem,
2064 1127 2099 1182 et
2122 1128 2196 1183 tam
2216 1116 2297 1186 lon-

259 1249 348 1307 nus,
380 1220 508 1303 fuerit,
541 1219 646 1309 plane
670 1240 796 1286 omnes
819 1217 1042 1307 intelligant,
1073 1241 1114 1284 ac
1137 1215 1251 1285 sciant
1302 1240 1386 1306 gum
1404 1216 1536 1284 bellum
1554 1216 1729 1286 sustinere
1744 1240 1819 1284 uon
1838 1228 1990 1306 poterat.
2029 1217 2149 1285 Audio
2170 1218 2298 1288 etiam·

260 1350 377 1420 neque
403 1335 506 1391 antea
522 1344 578 1389 me
594 1299 801 1401 iracundia',
827 1333 890 1387 aut
907 1321 1037 1389 iniusta
1058 1318 1251 1407 cupiditate
1303 1341 1389 1386 num
1414 1329 1551 1385 tantam
1575 1342 1649 1388 esse
1666 1320 1738 1386 vim
1753 1319 2002 1408 ingeniorum,
2027 1332 2166 1389 tantam
2181 1320 2298 1391 virtu·

259 1452 418 1522 unquam
456 1448 556 1493 arma
592 1423 778 1504 sumsisse,
816 1446 933 1514 neque
960 1419 1029 1490 hoc
1056 1420 1249 1489 Turricum
1303 1433 1374 1489 tem
1390 1421 1548 1489 Graecae
1571 1421 1748 1504 nationis,
1774 1434 1904 1490 utnon
1919 1422 1988 1489 alia
2007 1446 2092 1511 gens
2110 1436 2297 1513 praestan-

258 1531 391 1602 bellum
420 1528 490 1596 alio
514 1525 663 1595 consilio
683 1548 834 1615 parare,
861 1547 969 1617 quam
993 1524 1250 1615 quianecessa·
1303 1522 1412 1592 tiores
1446 1523 1553 1591 duces
1580 1523 1708 1595 Turcis
1740 1523 1962 1615 suppeditet,
1999 1548 2109 1617 quam
2143 1525 2297 1608 Graeca,

258 1634 353 1704 rium
372 1643 408 1701 et
425 1630 524 1722 pium
542 1627 764 1697 esseiudico.
816 1626 897 1719 Qua
920 1629 965 1694 de
989 1651 1027 1694 re
1052 1626 1115 1696 ubi
1137 1648 1249 1716 pauca
1303 1624 1389 1718 qui,
1415 1636 1456 1694 ut
1479 1625 1606 1710 sulio,
1633 1651 1842 1720 quanquam
1866 1626 1994 1696 ritibus
2017 1627 2146 1696 imbuti
2167 1627 2298 1698 Turci-

260 1735 452 1815 addidero,
500 1742 623 1822 postea
660 1730 837 1821 reliquam
876 1729 1170 1798 deliberationem
1207 1729 1250 1796 de
1303 1727 1371 1809 cis,
1398 1739 1519 1795 tamen
1540 1753 1719 1799 memores
1734 1742 1879 1799 nostrae
1895 1729 2082 1799 nobiseum
2104 1730 2298 1801 necessitu-

261 1836 394 1928 copiis,
427 1835 471 1903 de
499 1831 775 1913 commeatibus,
810 1832 926 1925 deque
949 1834 1059 1901 modo
1083 1831 1166 1899 belli
1192 1854 1251 1921 ge-
1303 1828 1416 1912 dinis,
1450 1828 1553 1898 inviti
1588 1831 1679 1900 bella
1714 1844 1843 1922 gerunt
1867 1832 1905 1900 in
1931 1832 2063 1902 uostris
2088 1830 2297 1922 provinciis.

260 1939 365 2011 rendi
398 1948 594 2028 pertexam.
655 1934 781 2027 Quae,
814 1935 913 2003 domi
939 1959 1025 2025 pace
1046 1934 1252 2016 constituta,
1303 1931 1406 2000 Hanc
1435 1944 1528 2002 certe
1552 1934 1758 2016 nationem,
1791 1959 1883 2027 quae
1907 1935 2164 2026 pulcerrimum
2188 1957 2297 2004 orne·

262 2067 337 2112 non
359 2051 478 2133 potest
500 2037 653 2109 difficilis
675 2035 791 2105 videri
813 2037 933 2120 vobis,
965 2037 1028 2130 qui
1048 2036 1154 2128 periti
1170 2035 1252 2106 estis
1303 2048 1464 2105 mentum
1490 2031 1684 2107 Christiani
1711 2036 1892 2120 nominis,
1925 2061 2089 2132 quaeque
2116 2062 2197 2107 cum
2219 2060 2296 2106 ma-

259 2143 525 2223 reimilitaris,
550 2153 585 2209 et
609 2139 738 2234 quibus
753 2139 948 2209 Germania
970 2139 1055 2210 satis
1076 2151 1162 2208 nota
1180 2151 1251 2217 est;
1303 2137 1441 2208 ioribus
1470 2138 1602 2210 nostris
1629 2140 1823 2230 sanguine,
1857 2140 2080 2223 foederibus,
2113 2152 2148 2209 et
2173 2139 2296 2210 multis

259 2249 416 2341 deniqne
440 2245 503 2340 qui
523 2268 644 2325 arma,
678 2255 712 2311 et
732 2266 838 2332 opes,
864 2255 900 2312 et
921 2236 1179 2340 hanclimperii
1199 2241 1252 2310 di·
1304 2240 1434 2310 officiis
1464 2242 1654 2312 coniuncta
1681 2242 1770 2324 fuit,
1808 2268 1887 2311 curn
1916 2244 1963 2311 ob
1988 2255 2147 2313 caeteras
2172 2263 2295 2314 causas

260 2350 434 2443 gnitatem
451 2360 573 2416 tenere
586 2370 653 2416 nos
669 2345 777 2427 scitis,
804 2358 844 2415 ut
857 2345 968 2413 vitam
985 2350 1164 2415 et'omnes
1178 2347 1252 2413 for·
1305 2343 1467 2436 oportuit
1481 2368 1548 2414 nos
1564 2344 1603 2412 in
1618 2345 1821 2413 libertatem
1837 2344 2032 2429 vindicare,
2055 2357 2131 2414 tum
2148 2347 2195 2414 ob
2205 2340 2296 2414 haec

260 2464 366 2525 tonas
379 2462 521 2520 nostras
536 2451 581 2518 ad
598 2447 839 2526 defensionem
856 2461 892 2517 et
907 2448 1085 2538 publicam
1100 2447 1251 2518 salutem
1304 2446 1454 2529 merita,
1488 2448 1586 2540 quod
1622 2447 1763 2540 aliquot
1795 2448 1945 2517 saeculis
1970 2447 2167 2516 immanem
2194 2448 2294 2516 illam

261 2556 359 2626 orbis
374 2566 551 2622 terrarum
572 2551 809 2621 conferamus.
839 2561 844 2570 '
1303 2549 1507 2620 barbariem
1534 2549 1727 2621 fortissime
1748 2550 1937 2641 repressit,
1969 2562 2004 2619 et
2028 2574 2046 2617 a
2071 2549 2202 2620 nostris
2219 2571 2295 2618 cer-

361 2655 435 2729 Nec
453 2677 538 2724 vero
553 2677 759 2746 quenquam
778 2677 797 2721 e
815 2652 917 2722 vobis
931 2651 1077 2746 quidem
1095 2651 1253 2720 arbitror
1303 2652 1442 2722 vicibus
1456 2653 1604 2743 depulit.
1640 2652 1787 2723 Nullum
1805 2652 1900 2721 enim
1917 2652 2043 2722 iustius
2058 2664 2111 2723 est
2126 2650 2295 2735 officium,

259 2783 357 2841 esse,
388 2757 453 2850 qui
475 2756 668 2828 Turricnm
698 2756 831 2824 bellum
860 2765 990 2846 parum
1013 2752 1252 2824 necessarium
1304 2779 1413 2850 quam
1429 2754 1683 2838 servatoribus,
1703 2755 1904 2824 calamitate
1923 2755 2042 2849 aliqua
2060 2755 2195 2836 fractis,
2213 2777 2296 2824 rur·

261 2860 450 2939 existimet,
476 2871 539 2926 aut
554 2858 722 2949 postulet,
743 2870 783 2926 ut
800 2857 861 2924 alii
878 2858 998 2948 potius
1011 2855 1139 2947 Reges,
1160 2854 1253 2934 aliae
1303 2882 1363 2930 sus
1379 2881 1485 2951 opem
1502 2859 1613 2940 ferre,
1641 2871 1676 2926 et
1690 2881 1815 2948 parem
1836 2859 1988 2949 gratiam
2008 2859 2154 2928 referre.

259 2962 427 3034 nationes
447 2960 516 3029 sibi
538 2954 604 3029 has
628 2971 747 3049 partes
767 2972 924 3031 sumant.
989 2957 1082 3028 Nam
1111 2957 1253 3042 etiamsi
1406 2960 1477 3032 Sed
1506 2986 1580 3054 quo
1613 2984 1671 3029 me
1695 2961 1802 3030 dolor
1815 2959 1847 3048 ².)
1870 2959 2040 3030 abducit?
2101 2959 2220 3029 Tanta
2244 2970 2297 3030 est

261 3064 403 3136 ‘furcae
418 3065 492 3134 suis
505 3062 636 3132 linibus
652 3060 724 3128 iam
745 3061 924 3146 contenti,
957 3085 1032 3129 non
1051 3061 1254 3152 proferrent
1304 3062 1401 3132 enim
1426 3087 1500 3132 nou
1522 3063 1638 3133 solum
1663 3063 1840 3154 regnandi
1861 3064 2056 3154 cupiditas,
2088 3065 2151 3134 sed
2180 3062 2295 3132 multo

260 3188 363 3238 arma
381 3165 544 3256 longius,
569 3187 637 3233 nec
650 3164 754 3234 nobis
769 3165 968 3255 periculum
984 3164 1253 3246 denuntiarent,
1305 3163 1429 3255 magis
1442 3161 1592 3235 humani
1617 3166 1801 3258 sangoinis
1822 3167 1919 3249 sitis,
1950 3178 2070 3236 tantus
2083 3163 2117 3259 ⁸)
2137 3167 2241 3236 turm
2257 3164 2295 3234 in

260 3296 328 3342 nos
350 3269 516 3365 quidem,
542 3269 673 3362 quibus
692 3266 790 3339 Deus
812 3271 1004 3359 praecipue
1025 3268 1253 3338 commenda·
1305 3268 1454 3352 Turris,
1480 3281 1615 3339 utnon
1638 3271 1852 3364 reliquerint
1873 3270 1977 3341 nobis
1998 3269 2305 3341 deliberationem¹

260 3374 315 3445 vit
336 3373 434 3443 orbis
451 3367 645 3442 Christiani
665 3370 930 3453 defensionem,
962 3370 1097 3441 bellum
1122 3372 1253 3440 inferre
1306 3372 1350 3441 de
1376 3371 1564 3443 inserendo
1587 3372 1682 3441 bello
1706 3373 1876 3457 liberam,
1907 3375 1971 3442 sed
1989 3375 2033 3441 de
2050 3373 2295 3466 propulsando

260 3478 333 3548 illis
351 3476 560 3569 oportebat,
585 3486 626 3544 ut
641 3474 831 3544 Graeciam
849 3487 885 3544 et
901 3474 1035 3545 vicinas
1050 3472 1254 3564 provincias
1303 3474 1420 3558 bello,
1443 3478 1487 3544 de
1503 3476 1708 3546 defensione
1724 3475 1908 3567 religionis
1922 3472 2160 3560 Christianae,
2186 3499 2294 3569 quam

259 3578 400 3651 erudeli
413 3577 584 3648 servitute
597 3575 842 3646 liberaremus.
893 3575 988 3647 Nam
1004 3578 1035 3648 si
1051 3577 1131 3671 quis
1152 3587 1255 3666 putat
1305 3577 1439 3671 ubique
1474 3590 1651 3648 terrarum
1688 3579 1806 3649 delere
1833 3592 1986 3649 conatur
2012 3578 2073 3646 illa
2100 3578 2296 3659 barbaries,

262 3680 366 3751 mitia
389 3694 452 3749 aut
473 3678 675 3747 tolerabilia
699 3702 773 3749 esse
797 3677 998 3747 'furcarum
1023 3679 1194 3770 imperia,
1224 3679 1255 3748 is
1307 3679 1494 3755 consilinm
1512 3681 1725 3772 capiendum
1742 3694 1811 3752 est:
1833 3682 2019 3750 retinenda
2035 3692 2089 3751 est
2103 3677 2211 3751 hirius
2228 3678 2294 3751 lm-

260 3783 370 3873 longe
397 3780 554 3863 fallitur,
587 3804 652 3849 nec
682 3780 787 3850 nobis
811 3782 856 3849 de
879 3778 1026 3873 lmperii
1045 3782 1150 3851 laude
1174 3805 1253 3850 cum
1279 3860 1282 3885 Ι
1307 3782 1398 3873 perii
1412 3782 1597 3865 maiestas,
1624 3784 1777 3854 tuendae
1793 3785 1961 3874 coniuges
1976 3796 2011 3853 et
2026 3784 2131 3853 liberi
2145 3782 2270 3854 nostri.

262 3885 334 3957 illis
349 3895 531 3953 certamen
547 3895 618 3965 est,
644 3883 707 3952 ted
722 3885 767 3950 de
783 3882 970 3973 religione,
991 3886 1036 3952 de
1054 3882 1284 3974 disciplina!
1408 3883 1487 3956 Nisi
1513 3885 1610 3955 enim
1641 3888 1882 3971 occurrimus,
1916 3888 2025 3977 paulo
2049 3899 2132 3978 post
2152 3884 2295 3958 domitis

261 3991 308 4059 de
334 3985 526 4076 coniugum
552 3996 588 4053 et
604 3983 802 4054 liberorum
822 3984 1009 4077 pudicitia.
1058 3986 1255 4079 Praecipue
1304 3985 1434 4058 vicinis
1457 3987 1623 4078 gentibus
1647 3989 1685 4056 in
1706 3990 1824 4060 media
1839 3990 2035 4062 Germania
2059 3988 2227 4061 videbitis
2240 4011 2296 4059 ex·

263 4103 384 4161 autern
402 4099 610 4180 grassantur
627 4087 665 4155 in
679 4086 924 4172 nobilitatem,
950 4113 1016 4158 nec
1034 4091 1150 4160 solum
1173 4113 1256 4181 poa-
1308 4089 1405 4157 cindi
1429 4091 1553 4173 urbes,
1586 4091 1804 4161 inflammari
1827 4093 1980 4184 templa,
2012 4092 2092 4184 rapi
2114 4092 2164 4160 ad·
2188 4113 2297 4162 omne

262 4192 437 4266 sessiones
464 4203 580 4261 certae
605 4190 708 4262 victis
738 4191 859 4261 nullae
885 4191 1160 4286 relinquuntur,
1194 4192 1254 4262 sed
1305 4191 1433 4282 flagitii
1455 4210 1569 4283 'genus
1586 4195 1754 4285 coniuges
1777 4209 1812 4266 et
1826 4195 1979 4279 liberos,
2006 4193 2126 4264 divelli
2141 4190 2296 4263 infantes

262 4297 372 4367 etiarn
393 4294 508 4377 lixae,
534 4306 570 4363 et
586 4292 742 4385 gregarii
760 4293 892 4366 milites
906 4295 1054 4386 rapiunt
1070 4296 1116 4364 ad
1131 4305 1255 4385 stupra
1302 4319 1329 4365 a
1346 4297 1535 4387 complexu
1552 4310 1741 4388 parentum
1758 4309 1866 4392 atque
1890 4297 2062 4382 interfici,
2087 4297 2224 4368 medies
2243 4320 2299 4367 se·

262 4399 504 4471 nobilissimas
528 4410 637 4491 atque
661 4393 931 4468 honestissimas
954 4409 1158 4480 matronas,
1185 4397 1256 4466 vir-
1309 4397 1384 4468 cari
1414 4400 1582 4489 gravidas
1609 4400 1796 4486 mulieres,
1829 4401 1891 4472 illo
1922 4424 2078 4492 acynace
2094 4400 2299 4483 barbarico,

262 4505 383 4594 gines,
406 4524 551 4593 pueros.
601 4500 658 4568 Ad
674 4496 762 4570 haec
775 4499 898 4570 multis
912 4499 1029 4570 modis
1044 4499 1257 4590 extinguunt
1304 4500 1484 4573 fanaticae
1505 4501 1716 4593 religiones,
1750 4504 1880 4597 quibus
1902 4503 2040 4577 initiati
2054 4502 2087 4600 ⁴)
2116 4517 2223 4588 sunt,
2252 4526 2298 4573 ne

264 4627 306 4675 ac
325 4603 447 4672 delent
461 4599 703 4673 Christianam
720 4603 946 4694 religionem.
1305 4603 1453 4696 quidem
1472 4608 1673 4675 concedunt
1690 4607 1739 4677 eis
1756 4606 1892 4690 otium,
1918 4609 1979 4676 sed
1994 4607 2070 4697 lege
2085 4620 2218 4697 cogunt
2232 4605 2298 4675 im·

260 4778 262 4783 ,
365 4703 463 4773 llaec
491 4716 575 4774 sunt
603 4728 754 4796 magnae
787 4719 822 4775 et
845 4706 959 4776 iustae
981 4727 1128 4785 causae,
1164 4727 1256 4798 quae
1308 4706 1448 4796 perium
1474 4710 1674 4780 extendere.
1734 4708 1782 4778 Et
1802 4733 1982 4780 successus
2007 4708 2117 4791 tanti,
2152 4722 2321 4803 tamque·

207 4873 210 4876 .
264 4806 353 4877 viris
370 4807 525 4876 fortibus
547 4808 591 4874 ad
614 4810 784 4877 tuendam
804 4808 955 4898 gloriam
971 4806 1040 4876 Dei
1057 4808 1254 4879 etsalutem
1307 4809 1472 4899 prosperi
1497 4833 1677 4880 annorum
1705 4813 1778 4881 fere
1801 4815 2058 4894 ducentorum,
2090 4814 2231 4883 addunt
2249 4811 2299 4882 eis

264 4908 430 4980 omnium
452 4909 611 4999 gentium
635 4934 735 4981 arma
760 4911 925 4983 induant.
978 4911 1099 5002 Quare
1121 4909 1257 5000 ingenti
1309 4909 1468 4992 animos,
1494 4927 1535 4982 nt
1551 4913 1733 5006 quiescere
1749 4915 1849 4984 nullo
1869 4918 1977 4984 modo
1993 4913 2144 5006 possint.

245 5013 391 5097 ⁴dolore
415 5012 570 5095 afficior,
596 5037 675 5080 cum
690 5014 818 5103 ,cogito
835 5012 1046 5094 Graeciam,
1072 5036 1166 5106 quae
1183 5037 1257 5084 non
1412 5012 1519 5105 Quod
1543 5015 1573 5084 si
1594 5027 1693 5087 tanta
1714 5017 1781 5087 fuit
1805 5018 1940 5107 gloriae
1955 5030 2064 5111 atque
2079 5016 2228 5109 imperii
2241 5040 2298 5088 cn·

197 5120 205 5133 “
263 5116 380 5187 solum
413 5113 658 5184 doctrinarum
682 5138 814 5206 parens
838 5130 908 5199 est,
939 5115 1133 5187 sedetiam
1157 5118 1257 5184 omni
1303 5114 1461 5205 piditas,
1488 5129 1587 5186 tanta
1613 5120 1761 5189 audacia
1783 5134 1889 5204 tunc,
1912 5145 1992 5190 enm
2011 5121 2105 5193 vires
2124 5116 2298 5190 haberent

264 5219 371 5290 laude
384 5221 556 5290 virtutum
572 5218 753 5300 excelluit,
780 5230 817 5288 et
830 5220 893 5289 diu
907 5217 1157 5289 florentissima
1172 5240 1257 5309 pars
1309 5220 1505 5290 admodum
1536 5222 1701 5313 erigens,
1732 5222 2016 5317 necquicquam
2041 5223 2110 5296 nisi
2131 5224 2230 5296 littus
2252 5223 2297 5293 sd

265 5319 444 5393 Ecclesiae
478 5316 703 5391 Christianae
737 5320 825 5404 fuit,
863 5344 959 5391 nnnc
980 5319 1053 5416 'tali
1085 5321 1256 5392 servitute
1308 5359 1521 5377 ---—··-·
1977 5384 1980 5395 .
2178 5334 2184 5339 “

265 5449 473 5518 oppressam
496 5446 590 5506 esse,
623 5423 663 5493 in
686 5447 757 5516 que
781 5444 860 5493 cum
882 5421 1134 5493 caeteradictu
1150 5423 1255 5495 foeda
1340 5417 1373 5486 θ).
1395 5422 1491 5483 totu]
1517 5423 1558 5473 ⁸¹0
1580 5428 1657 5477 raet·
1679 5423 1764 5477 uite
1785 5422 1877 5488 taso..
1905 5423 2001 5488 taen,
2028 5421 2120 5487 sess.;
2150 5423 2204 5477 rs.
2224 5420 2298 5477 ιω

265 5541 375 5622 atque
389 5523 569 5596 horrenda
588 5526 799 5616 perferenda
814 5539 920 5607 sunt,
952 5539 1028 5597 tum
1047 5524 1156 5596 naam
1168 5524 1256 5599 reli·
1340 5488 1503 5642 „⁶2:2⁰
1520 5577 1572 5630 Μ
1592 5578 1776 5649 mim,
1802 5580 1889 5633 m

262 5630 325 5718 gio
356 5629 499 5720 penitus
527 5628 710 5706 assolatum
751 5639 787 5697 et
809 5640 916 5719 auget
933 5651 1057 5697 meum
1076 5629 1255 5714 dolosam,
1342 5657 1373 5726 s)
1392 5660 1507 5722 masa]
1526 5663 1567 5714 ssa
1586 5662 1671 5717 esra.
1689 5664 1776 5726 isse..
1796 5667 1883 5731 sset..
1904 5665 1997 5730 csse,
2024 5667 2073 5718 aa
2094 5666 2173 5720 uas
2191 5663 2298 5720 mssa
