5125 6525
163 341 243 440 m
355 415 359 422 .

506 527 820 619 significatio.

269 648 368 719 llaec
397 671 485 717 vero
520 647 559 717 in
593 648 721 740 primis
751 664 803 723 est
829 655 1003 725 tradenda
1032 656 1166 747 pueris,

167 777 253 821 nam
271 775 348 822 non
365 773 451 820 raro
467 746 529 820 bic
544 764 723 843 peccator.

166 952 201 1027 Β
271 854 364 925 Sunt
380 866 500 924 autem
517 854 819 926 demonstrativa:
852 854 952 949 Ego,
979 857 1060 944 Tu,
1085 860 1165 947 llic,

202 970 237 1027 le

239 1006 455 1128 'Relativm
489 1054 541 1142 ls,
568 1053 666 1150 lpse,
692 1058 778 1152 Qui.

167 1263 296 1335 tivum.

271 1365 336 1436 Sui
364 1389 450 1433 vero
482 1377 517 1434 ct
544 1390 628 1436 suus
658 1364 840 1457 reciproca
870 1379 973 1451 sunt,
1008 1362 1078 1437 hoc
1101 1380 1166 1452 est,

94 1493 98 1500 ’
169 1470 214 1537 ad
236 1469 385 1536 eandem
402 1491 595 1558 personam
612 1470 783 1550 redeunt,
808 1492 900 1562 quac
917 1472 1166 1560 praecedebat,

171 1594 257 1638 nam
275 1571 424 1639 interest
438 1569 532 1639 inter
546 1565 654 1640 hacc:
680 1569 790 1638 Pater
806 1570 916 1656 iubet,
937 1584 979 1643 ut
992 1574 1037 1642 ad
1054 1598 1090 1642 se
1107 1598 1166 1642 ve·

170 1673 262 1757 nias,
289 1684 337 1753 et,
362 1666 472 1741 Pater
495 1671 606 1756 iubet,
630 1684 670 1741 ut
684 1674 730 1740 ad
747 1671 865 1762 ipsum
883 1673 1018 1747 venias.
1070 1675 1164 1746 Nam

171 1798 253 1844 cum
283 1773 436 1844 relativo
459 1774 578 1865 ipsum
601 1787 703 1858 utor,
737 1773 897 1865 significo
920 1776 1030 1848 alium
1054 1797 1165 1871 quen-

171 1878 277 1957 dam,
303 1875 377 1944 ndn
401 1889 554 1968 patrem.
606 1875 669 1946 Bis
690 1876 822 1962 vincit,
854 1879 916 1973 qui
938 1904 974 1950 se
999 1879 1111 1948 vincit
1127 1883 1164 1948 in

171 1978 343 2061 victoria,
382 1978 480 2049 aliud
511 1979 597 2063 erit,
635 1978 664 2049 si
693 1978 805 2050 dicas:
850 1981 913 2052 Bis
936 1982 1069 2066 vincit,
1102 1983 1166 2075 qui

169 2081 289 2173 ipsum
315 2079 426 2150 vincit
447 2081 486 2149 in
509 2080 672 2153 victoria.
723 2079 829 2152 Item:
863 2083 910 2153 Et
928 2109 991 2156 sua
1008 2085 1167 2156 riserunt

171 2183 310 2254 saccula
335 2182 573 2265 Maeoniden,
608 2209 684 2254 non
706 2183 817 2277 ipsius
842 2190 994 2260 saecula.
1059 2186 1164 2257 Valla

170 2286 361 2377 diligenter
383 2300 419 2356 et
440 2286 576 2358 utiliter
598 2289 781 2380 praecepit
794 2291 838 2358 dc
854 2315 921 2362 usu
935 2286 1064 2361 harum
1082 2313 1167 2382 par-

170 2387 383 2473 ticularum,
407 2414 516 2482 quem
534 2390 650 2481 pueri,
675 2391 736 2460 ubi
753 2386 841 2461 haec
855 2392 972 2483 prima
989 2393 1164 2462 elementa

169 2489 448 2582 perdidicerint,
474 2492 674 2561 consulant.

274 2589 554 2684 Interrogativa:
593 2592 703 2686 Quis,
730 2592 859 2677 Cuius,
885 2592 997 2679 Cuia,
1024 2593 1168 2680 Caium,

171 2692 304 2764 Cuias?

272 2794 495 2866 Possessiva:
550 2793 671 2880 Meus,
714 2796 834 2882 Tuus,
874 2799 986 2883 Suus,
1026 2800 1168 2885 Noster,

169 2898 308 2970 Vester.

273 2998 447 3072 Gentilia:
485 2999 656 3083 Nostras,
682 3000 838 3074 Vestras.

582 3151 749 3225 Genus.

274 3271 340 3344 Est
361 3272 400 3341 in
424 3272 702 3364 pronominibus
723 3274 891 3366 perinde,
916 3277 1009 3346 utin
1024 3280 1168 3348 adiecti-

170 3377 225 3448 vis
255 3375 459 3448 nominum.
526 3375 620 3448 Nam
650 3401 716 3469 per
742 3377 812 3446 tria
835 3402 966 3469 genera
990 3395 1168 3472 vagantur

170 3507 403 3585 pronomina.

524 3602 747 3674 Numerus
761 3601 822 3700 ⁰⁸).

213 3718 217 3728 ⁴
274 3722 454 3795 Numerus
462 3721 510 3818 ⁸¹)
530 3724 615 3792 item
632 3735 672 3794 ut
688 3724 726 3793 in
740 3722 958 3797 nominibus.

563 3877 773 3971 figurae.

378 3995 548 4089 Simplex,
675 4011 717 4070 ut
739 4023 817 4091 ego.

375 4098 596 4193 Composita,
675 4114 714 4172 ut
735 4114 896 4194 egomet,
920 4101 1029 4173 idem.

225 4218 330 4289 Varie
348 4218 468 4290 a'utem
486 4235 754 4313 componuntur
772 4223 1001 4315 pronomina.

274 4322 438 4392 Primum
459 4323 555 4393 inter
570 4348 628 4408 se,
653 4337 694 4393 ut
708 4320 824 4395 isthic.

274 4424 461 4509 Secundo,
502 4451 582 4496 cum
608 4426 804 4512 adverbiis,
837 4427 991 4510 Eccum,
1023 4424 1167 4510 Eccam,

169 4552 238 4619 pro
262 4552 342 4597 ecce
366 4551 469 4612 eum,
503 4553 582 4599 ecce
608 4554 700 4601 cam.
765 4530 905 4614 Ellum,
947 4552 1026 4599 ecce
1052 4529 1166 4600 illum.

169 4628 268 4700 ldem
286 4632 331 4700 ab
347 4632 377 4700 is
393 4644 428 4700 ct
441 4633 585 4701 demum
602 4634 652 4702 fit.

275 4732 423 4816 Tertio,
463 4758 543 4804 cum
565 4735 744 4828 syllabicis
770 4733 1048 4819 adiectionibus,
1080 4746 1167 4818 met,

170 4850 224 4919 te,
252 4861 310 4921 ce,
337 4848 409 4930 pte.
571 4916 575 4927 Ι

274 4939 351 5009 Met
373 4938 540 5009 adiicitur
562 4939 729 5011 omnibus
747 4941 885 5012 casibus
901 4939 1041 5033 primae
1061 4951 1097 5010 et
1112 4964 1165 5010 sc·

168 5042 309 5112 cuudae
331 5066 526 5133 personae,
552 5056 712 5134 egomet,
738 5055 899 5116 tutemet.

276 5142 330 5213 'l'e
347 5145 514 5215 adiicitur
531 5147 610 5216 voci
628 5161 688 5230 tu,
716 5158 752 5216 ct
768 5159 821 5231 te,
848 5160 888 5217 ut
907 5158 1000 5228 tute,
1023 5158 1118 5216 tete.·

275 5245 345 5330 Ce,
372 5248 581 5339 pronomini
597 5245 675 5333 hic,
701 5246 817 5333 hicce,
844 5246 1001 5320 huiusce.

171 5408 380 5420 -—-—-———

204 5501 254 5569 88)
272 5506 349 5554 llaec
365 5501 512 5565 tnscnptto
529 5503 557 5552 tn
574 5502 623 5554 td
645 5503 720 5555 tm
737 5504 825 5554 tecet.

204 5587 468 5650 annumerantur
487 5590 538 5640 lt.
559 5588 634 5643 tm.
652 5590 677 5639 Ι.
690 5591 710 5642 Ι.
728 5591 817 5642 dccet.

822 347 945 437 XCVI.
996 362 1329 442 GRAMMATICA
1352 365 1548 446 Lam

170 1225 173 1230 .
271 1158 334 1231 llle
367 1161 457 1231 alias
490 1161 813 1232 demonstrativum
848 1176 921 1247 est,
956 1163 1046 1236 alias
1073 1165 1164 1235 rela·
1216 1215 1250 1289 h

1318 540 1405 625 Pte,
1430 541 1615 627 ablativis,
1641 568 1742 630 mea,
1769 559 1849 631 tua,
1875 572 1961 631 sua,
1985 563 2130 636 nostra,
2156 577 2216 626 ve-

1217 654 1314 727 stra,
1339 656 1379 713 ut
1395 656 1557 735 meapte,
1584 660 1730 738 suapte,
1756 661 1822 721 etc.

1321 746 1391 816 Sed
1416 747 1455 815 in
1475 743 1531 818 his
1556 751 1878 841 compositionibus
1902 755 2093 826 observent
2111 757 2215 850 pueri

1218 849 1513 919 consuetudinem
1533 854 1722 923 emendate
1740 855 1978 947 loquentium.

1593 1004 1841 1080 Personae.

1251 1229 1298 1290 te.

1641 1327 1794 1402 Casus.

1318 1447 1431 1520 Iidem
1455 1447 1520 1541 qui
1543 1446 1762 1522 innomine.
1815 1450 1949 1522 Verum
1967 1453 2125 1523 vocativi
2138 1477 2214 1524 non

1217 1565 1269 1624 est
1290 1578 1375 1623 usus
1399 1554 1438 1621 in
1462 1549 1630 1620 omnibus
1654 1552 1942 1641 pronominibus.
2003 1556 2080 1640 Tu,
2111 1556 2230 1628 Meus-

1218 1668 1252 1725 et
1273 1656 1425 1737 Noster,
1466 1652 1663 1722 admittunt
1686 1653 1890 1738 vocativos,
1923 1657 2075 1728 dicimus
2099 1658 2212 1727 enim:

1217 1757 1268 1827 mi
1286 1757 1436 1849 Virgili,
1458 1779 1537 1824 mea
1556 1755 1774 1848 Glycerium.

1319 1858 1524 1931 Declinatio
1557 1870 1610 1928 cst
1644 1883 1686 1927 cx
1719 1856 1865 1927 Donato
1897 1864 2071 1951 petenda,
2107 1885 2213 1955 quem

1217 1987 1358 2054 semper
1380 1973 1525 2054 oportet
1546 1960 1666 2052 pueris
1691 1961 1730 2030 in
1752 1962 1918 2033 manibus
1941 1988 2036 2048 esse,
2069 1977 2110 2033 ut
2130 1965 2214 2036 inde

1217 2066 1421 2160 analogiam
1440 2065 1480 2133 in
1497 2063 1712 2134 declinando
1730 2086 1771 2133 ac
1782 2065 2011 2157 coniugando
2030 2067 2180 2137 discant.

1527 2213 1592 2284 Dc
1618 2213 1904 2312 Articulo“).

1320 2336 1449 2407 Obiter
1470 2328 1530 2403 hic
1548 2335 1700 2404 docendi
1721 2347 1804 2407 sunt
1821 2337 1946 2427 pueri,
1972 2338 2058 2431 quid
2076 2338 2217 2412 intersit

1218 2438 1313 2506 inter
1329 2460 1534 2530 pronomen
1550 2450 1586 2506 et
1602 2436 1804 2508 articulum.
1851 2438 1917 2509 Est
1929 2439 2025 2509 enim
2044 2442 2216 2514 articulus

1219 2564 1295 2608 non
1320 2541 1383 2634 qui
1407 2539 1445 2607 in
1460 2539 1705 2609 Grammatica
1728 2552 1868 2608 tantum
1893 2540 2133 2613 declinatione
2157 2567 2214 2612 ca-

1219 2667 1277 2713 sus
1295 2656 1358 2712 aut
1373 2666 1504 2733 genera
1523 2641 1677 2726 indicat,
1703 2644 1765 2713 sed
1781 2667 1853 2735 quo
1871 2642 1910 2711 in
1924 2667 2091 2715 sermone
2106 2644 2213 2714 etiam

1220 2757 1353 2815 certam
1379 2767 1457 2814 rem
1482 2746 1771 2815 demonstramus
1780 2743 1841 2839 ⁸¹)
1900 2739 2072 2817 Latinum
2098 2772 2215 2818 exem·

1219 2847 1319 2941 plum
1345 2848 1502 2940 proponi
1523 2847 1662 2918 nullum
1684 2858 1814 2939 potest.
1863 2847 1957 2920 Nam
1973 2847 2126 2922 Latinus
2142 2874 2214 2922 ser·

1220 2975 1280 3020 mo
1305 2952 1343 3019 in
1366 2952 1573 3021 universum
1590 2962 1688 3020 caret
1703 2948 1882 3035 articulis,
1907 2951 2136 3044 Germanifl)
2150 2947 2215 3022 ha·

1218 3055 1307 3124 bent
1331 3054 1519 3137 articulos,
1545 3055 1852 3149 quemadmodum
1873 3066 1907 3123 ct
1922 3055 2071 3139 Graeci,
2096 3053 2215 3150 drag·

1220 3155 1321 3253 θρον
1342 3170 1415 3242 est,
1441 3182 1522 3227 cum
1544 3156 1720 3247 particula
1742 3156 1801 3224 ein
1822 3168 1989 3226 utuntur:
2021 3157 2071 3228 Es
2087 3156 2134 3227 ist
2155 3157 2214 3228 ein

1221 3284 1305 3328 man
1322 3262 1379 3330 da.
1431 3259 1670 3328 Articulatum
1690 3271 1759 3329 est:
1786 3252 1848 3326 lch
1864 3254 1934 3328 hab
1952 3262 2033 3328 dem
2050 3284 2134 3329 man
2149 3261 2213 3330 das

1220 3363 1294 3454 gclt
1316 3365 1450 3452 geben,
1489 3355 1614 3434 ἔδωκα
1635 3364 1691 3456 τῷ
1715 3354 1828 3456 ἀνδρὶ
1850 3356 1893 3432 τὸ
1907 3356 2113 3462 ἀργύριον.
2172 3358 2214 3433 ld

1220 3464 1349 3534 Latine
1368 3488 1443 3532 non
1462 3475 1556 3532 recte
1573 3477 1706 3532 vertas:
1734 3462 1828 3531 Dedi
1844 3458 1928 3534 huic
1947 3465 2027 3534 viro
2042 3460 2135 3533 hanc
2151 3488 2214 3556 pe·

1220 3567 1377 3638 cuniam.
1440 3567 1533 3638 Nam
1571 3579 1796 3657 praesentem
1832 3589 1931 3649 rent,
1965 3591 2040 3636 non
2072 3579 2213 3638 tantum

1220 3684 1375 3754 certam,
1416 3670 1634 3762 pronomina
1666 3672 1929 3739 demonstrant.
2001 3667 2098 3760 Ergo
2132 3694 2213 3740 cum

1219 3773 1342 3843 Latini
1362 3785 1514 3845 utuntur
1542 3772 1717 3862 particula
1739 3771 1807 3840 Hic
1826 3771 1867 3840 in
1885 3770 2119 3856 declinando,
2151 3795 2214 3841 vo·

1219 3878 1365 3948 luerunt
1392 3874 1551 3945 mutuari
1575 3899 1594 3944 a
1619 3874 1834 3967 pronomine
1858 3886 1983 3944 notam
2010 3866 2154 3946 casuum
2179 3885 2215 3943 et

1220 4004 1411 4072 generum,
1437 4002 1513 4048 non
1529 3979 1719 4049 articulum
1736 3981 1892 4061 tradere,
1918 4002 1990 4071 quo
2009 3979 2045 4046 in
2063 3978 2213 4071 loquen-

1219 4086 1266 4153 do
1290 4096 1487 4155 uteremur.
1518 4168 1524 4176 ⁸
1545 4079 1643 4150 llaec
1661 4082 1847 4150 committo
1874 4079 2037 4150 fidelibus
2068 4102 2211 4172 praece·

1220 4186 1401 4278 ptoribus,
1434 4197 1475 4254 ut
1497 4183 1676 4274 copiosius
1697 4183 1884 4276 explicent.
1956 4181 2030 4254 Nec
2053 4193 2213 4272 praeter·

1220 4291 1337 4358 euuda
1377 4299 1482 4356 erant
1513 4300 1663 4379 propter
1695 4285 1883 4358 stultitiam
1898 4282 1948 4377 θ’)
1982 4284 2208 4377 quorundam
2316 4300 2318 4305 ·

1219 4389 1579 4490 ῼῐαῐηπιεῑίεῑειωηι,
1619 4388 1682 4483 qui
1719 4383 1980 4482 docuerunt⁶⁸)
2020 4384 2209 4454 articulum

1219 4519 1294 4566 esse
1320 4497 1415 4587 apud
1440 4490 1602 4580 Latinos.

1561 4679 1633 4749 DE
1662 4677 1870 4750 VERBO.

1321 4818 1481 4889 Verbum
1511 4831 1564 4890 est
1592 4843 1663 4888 vox
1692 4817 1895 4910 significans
1916 4840 2020 4909 agere
2043 4829 2106 4887 aut
2125 4815 2213 4907 pati,

1217 4937 1259 4995 ut
1279 4925 1491 5006 verberare,
1518 4922 1611 4992 actio
1636 4936 1706 5006 est,
1732 4921 1851 5013 passio
1868 4922 2063 4991 verberari.
2116 4917 2212 4990 Neu·

1219 5041 1273 5096 tra
1289 5049 1434 5121 quoque
1452 5027 1561 5095 verba
1579 5027 1842 5118 propemodum
1862 5023 2062 5116 significant
2077 5021 2212 5115 passio·

1250 5263 1301 5328 ss)
1318 5262 1458 5331 Articuto]
1478 5265 1529 5318 Ed.
1549 5279 1572 5317 s.
1586 5276 1630 5316 n:
1655 5264 1798 5317 antenna.

1250 5348 1299 5417 66)
1320 5351 1669 5410 demonstrarentur.
1688 5350 1775 5416 tm,
1794 5364 1818 5401 s.
1833 5362 1875 5402 a:
1901 5348 2099 5414 rigaturum.

1250 5435 1301 5503 ⁶7)
1318 5437 1467 5497 Germani]
1488 5437 1573 5491 ltdttt.
1593 5437 1682 5503 tm,
1700 5451 1726 5487 a.
1743 5447 1785 5486 a:
1812 5435 1944 5486 Germani
1961 5444 2031 5484 vero

1249 5520 1300 5587 oe)
1317 5522 1467 5645 stutttttt'anr:
1482 5560 1526 5641 ..i
1546 5519 1711 5589 docuerunt]
1735 5521 1820 5573 ctist
1840 5523 1934 5591 αμα,
1964 5531 1987 5566 s.
2004 5528 2047 5567 ιε
2078 5515 2215 5570 umas·

1348 5603 1401 5645 oon
1468 5604 1505 5644 nn

1320 1117 1426 1188 Tres:
1486 1119 1612 1192 Prima
1638 1123 1742 1217 Ego,
1776 1126 1939 1198 Secunda
1967 1127 2047 1213 Tu,
2088 1130 2213 1200 Tertia
2330 1209 2339 1224 ,
