5125 6525
372 463 447 542 207
595 407 601 420 ’
878 417 881 423 ’
954 451 1078 525 rum.
1112 450 1227 525 unu.
1249 449 1463 523 scamus
1494 452 1832 528 umuouoctcn.
1936 547 1944 558 ³
2337 461 2414 532 sos

460 617 463 628 ’
498 635 583 692 Hanc
602 630 756 708 epistolam
777 637 913 705 quartam
935 627 1067 704 sequitur
1099 627 1215 704 quinta:
1249 623 1450 684 Melanthoais
1478 625 1516 684 ad
1537 625 1766 704 agonotphun,
1800 646 1887 706 quam
1918 627 1948 687 b.
1972 630 1992 687 Ι.
2024 629 2201 702 omittimuss
2236 629 2312 691 hanc
2341 649 2413 692 raro

371 701 587 798 subsequuntur
609 716 683 775 hacc
704 711 850 792 praelatio
873 724 909 770 et
927 712 1101 771 admonitio:

1092 825 1284 890 lactabimur
1307 828 1519 911 &marius
1542 824 1689 889 beatori.

497 935 737 1017 Huaclibellum
759 954 886 1031 primum
909 952 1098 1027 compositum
1120 971 1139 1010 a
1157 949 1294 1030 Philippa
1315 945 1563 1023 Melanchthoae,
1597 948 1707 1009 deinde
1735 950 1835 1010 multis
1858 951 1888 1007 in
1912 950 1981 1008 locis
2003 961 2121 1009 auctum
2144 963 2175 1010 et
2198 957 2280 1031 quasi
2302 973 2411 1013 reson.
2443 977 2445 982 s

373 1054 521 1114 donatum
541 1063 559 1100 a
581 1038 683 1106 lacobo
707 1039 845 1114 Micyllo,
881 1038 1022 1114 optimum
1051 1038 1146 1095 visum
1173 1036 1230 1097 init
1257 1038 1347 1095 etiam
1374 1036 1455 1113 apud
1482 1052 1535 1092 nos
1565 1037 1690 1112 proponi
1717 1036 1796 1095 inter
1824 1052 1891 1110 eos,
1923 1035 1962 1093 de
1985 1037 2089 1113 quibus
2110 1036 2258 1097 ordinaria
2278 1040 2413 1101 doctrina

371 1135 584 1215 explicaretur:
621 1125 706 1193 Quod
728 1142 785 1180 non
810 1122 894 1180 modo
917 1123 1135 1181 Grammaticae
1157 1122 1206 1181 hic
1226 1123 1300 1179 artis
1321 1121 1487 1180 necessaria
1505 1133 1667 1199 praecepta
1689 1122 1953 1197 complecteretur,
1990 1121 2044 1178 sed
2073 1140 2110 1180 ea
2133 1125 2197 1199 ipsa
2218 1135 2355 1184 accurate
2378 1138 2411 1185 et

370 1220 484 1282 modice
506 1218 534 1275 in
558 1211 609 1271 illo
631 1210 779 1287 descripta
801 1220 911 1266 essent.
965 1207 1171 1267 INDICATIO
1199 1206 1344 1286 quaedam
1365 1206 1462 1265 adhuc
1483 1205 1590 1264 deesse
1613 1206 1765 1264 videbatur
1798 1224 1988 1265 cumeorum
2011 1206 2159 1281 locorum,
2193 1227 2271 1287 quaa
2293 1211 2332 1268 de
2355 1229 2413 1268 au-

372 1306 483 1367 toribus
519 1302 638 1375 liuguae
659 1296 782 1352 Latinae
812 1294 1018 1370 exemplorum
1049 1312 1137 1351 causa
1167 1291 1296 1351 adducta
1324 1304 1440 1368 essent,
1475 1301 1536 1348 tum
1565 1291 1688 1349 aliorum
1720 1291 1921 1368 quorundam,
1956 1292 2007 1368 qui
2035 1293 2178 1351 nonnulla
2204 1297 2412 1355 tractavissent

370 1389 537 1460 serbonius,
566 1401 624 1439 nou
647 1379 733 1437 modo
755 1379 803 1435 hic
824 1380 882 1437 iam
904 1390 936 1437 ut
958 1377 1125 1455 discipulis,
1155 1378 1208 1438 sed
1230 1378 1375 1454 Magistris
1395 1380 1484 1437 etiam
1507 1376 1585 1434 utilis
1607 1393 1673 1434 esse
1695 1387 1812 1453 posset,
1847 1379 1950 1453 quibua
1972 1393 2025 1453 ea,
2062 1395 2138 1454 quae
2166 1381 2232 1438 aliis
2261 1381 2411 1440 tradenda

371 1486 456 1549 sunt,
489 1472 602 1530 notiora
622 1464 735 1524 scilicet
756 1480 823 1521 esse
845 1471 971 1540 oportet.
1027 1458 1061 1519 la
1084 1481 1172 1541 quam
1195 1481 1257 1520 rem
1280 1464 1339 1521 duo
1364 1480 1460 1541 nuper
1480 1461 1684 1543 adolescentes
1706 1461 1785 1520 docti
1807 1473 1838 1521 et
1859 1480 2001 1540 perquam
2024 1462 2164 1537 studiosi,
2199 1465 2333 1543 Magistri
2352 1468 2409 1525 bo-

369 1576 474 1622 narum
496 1554 619 1627 artium,
653 1547 807 1626 Phiiippus
829 1547 955 1605 Bechius
984 1557 1015 1605 et
1037 1544 1118 1605 loan.
1139 1548 1272 1625 Baptista
1293 1547 1473 1627 Scheagius,
1507 1548 1559 1624 qui
1587 1548 1617 1604 in
1646 1558 1745 1605 nostra
1765 1546 1925 1606 Academia
1945 1550 2173 1620 Grammaticam
2194 1550 2330 1609 Latinam
2351 1570 2412 1629 pu·

303 1661 308 1668 '
370 1647 448 1708 blice
470 1640 699 1721 profiterentur,
721 1651 785 1692 eam
810 1651 931 1712 operam
952 1631 1118 1709 dederunt,
1145 1650 1222 1710 quae
1243 1652 1261 1692 a
1282 1651 1332 1691 me
1354 1632 1519 1711 praedicari
1540 1644 1591 1691 aut
1613 1632 1815 1690 commendari
1843 1652 1900 1692 noa
1928 1633 2034 1710 debet,
2069 1637 2245 1710 praesertim
2274 1637 2410 1712 exposita

369 1733 409 1794 ad
429 1721 663 1806 cognoscendum
686 1718 836 1795 amnibus,
858 1729 906 1794 ut,
929 1718 1172 1796 quemadmodum
1195 1719 1254 1776 dici
1274 1720 1369 1794 solet,
1390 1708 1472 1777 αὐτὸ
1495 1709 1534 1775 τὸ
1556 1709 1655 1799 ἔργον
1675 1718 1821 1778 artificem
1843 1718 2109 1779 demonstraturum
2130 1723 2178 1781 sit.
2197 1763 2201 1770 ·
2221 1722 2285 1780 Etsi
2305 1733 2416 1780 autem-

369 1814 533 1891 seheagius
555 1806 666 1865 infinita
688 1803 813 1881 quadam
837 1803 990 1882 diligentia
1012 1803 1155 1861 nonnulla
1176 1805 1262 1862 nimis
1286 1805 1432 1862 subtiliter
1453 1811 1599 1861 scrutatus
1621 1820 1688 1861 esse
1716 1802 1811 1861 videri
1840 1814 1974 1881 poterat,
2011 1815 2041 1862 et
2070 1821 2107 1862 ea
2135 1806 2286 1865 interdum
2313 1824 2409 1864 anno·

370 1911 572 1974 tamquae
595 1889 748 1948 essentia
769 1888 880 1945 medio:
908 1882 1022 1945 'lamen
1045 1890 1073 1945 in
1095 1888 1141 1946 his
1164 1891 1278 1966 paucis,
1306 1889 1489 1967 quorundam
1511 1887 1599 1945 etiam
1624 1889 1674 1946 rel
1703 1890 1939 1964 occupationibus
1966 1890 2079 1949 servire
2109 1891 2157 1950 rel
2188 1892 2318 1950 laborem
2346 1892 2409 1949 mi-

369 2002 481 2058 nuere,
510 1980 558 2037 rel
581 1976 687 2050 edam,
709 1971 880 2051 (dicendum
902 1974 979 2031 enim
1003 1971 1073 2053 est,)
1095 1974 1220 2033 inertiae
1240 1974 1398 2033 subvenire
1420 1974 1522 2031 voluit.
1572 1973 1698 2033 Caetera
1719 1987 1808 2033 erunt
1830 1974 1989 2051 eiusmodi,
2020 1988 2052 2033 ut
2074 1978 2206 2035 omnibus
2228 1976 2350 2035 eruditis
2373 1987 2406 2035 et

370 2072 453 2135 bonis
474 2063 593 2145 probari
614 2070 736 2119 necesse
758 2059 806 2117 sit.
849 2059 925 2117 Nam
948 2068 978 2116 et
1001 2059 1096 2116 omnia
1119 2078 1172 2117 nos
1192 2060 1434 2137 recognovimus,
1463 2071 1494 2117 et
1516 2060 1546 2117 in
1568 2059 1740 2136 quibusdam
1763 2061 1854 2117 etiam
1874 2060 2057 2128 adhibuimus
2081 2073 2209 2120 nostram
2231 2062 2407 2136 Censuram,

369 2158 421 2238 qui
441 2164 523 2212 certe
546 2150 570 2207 si
592 2146 663 2223 quid
685 2147 714 2201 in
737 2145 790 2201 ista
812 2155 898 2220 parte
924 2143 1005 2201 nobis
1030 2144 1128 2201 iudicii
1156 2155 1187 2203 et
1214 2146 1353 2204 scientiae
1372 2144 1590 2220 seminamus,
1626 2145 1657 2202 id
1686 2163 1745 2204 noa
1774 2145 1880 2203 iniuria
1907 2146 2045 2220 iacimus,
2081 2164 2145 2204 cum
2168 2148 2199 2203 ia
2229 2146 2274 2204 his
2292 2146 2407 2206 studiis

368 2257 485 2303 omnem
507 2235 573 2293 iere
594 2232 721 2308 priorem
744 2238 872 2287 aetatem
894 2230 1154 2309 consumserimus,
1177 2240 1208 2288 et
1229 2230 1335 2288 eadem
1356 2232 1414 2288 iam
1435 2231 1661 2307 ingravescente
1682 2230 1720 2288 ad
1741 2230 1816 2289 baec
1836 2232 1919 2288 initia
1940 2226 2092 2289 doctrinae
2113 2213 2285 2309 saepissime
2309 2233 2408 2308 respi-

370 2329 488 2388 ciamus.
531 2319 605 2377 Cum
627 2326 726 2375 autem
749 2314 967 2392 'l'ypograpbus
989 2324 1088 2374 noster
1111 2314 1287 2374 Valentinus
1300 2316 1381 2393 Papa
1403 2316 1478 2375 hanc
1499 2325 1650 2374 recentem
1673 2316 1832 2374 editionem
1850 2316 2049 2374 adornandam
2072 2325 2104 2374 et
2125 2316 2351 2393 exprimendam
2373 2318 2408 2375 ia

370 2412 487 2471 officina
508 2424 560 2465 sua
582 2402 762 2478 recepisset,
793 2396 872 2456 hunc
893 2400 1023 2456 laborem
1046 2410 1212 2458 nostrorum
1233 2411 1264 2460 et
1286 2418 1381 2460 meam
1406 2418 1524 2479 quoque
1545 2400 1766 2476 industriolam,
1801 2418 1936 2459 concesso
1958 2403 1988 2460 in
2016 2400 2072 2458 hoc
2099 2419 2211 2477 genere
2233 2402 2409 2460 Pririla-

373 2498 433 2577 gio
454 2492 554 2565 nobis,
585 2479 698 2574 munira
721 2485 817 2562 valui,
845 2485 1002 2542 aestatim
1029 2484 1114 2541 huius
1137 2484 1274 2544 difficiles
1295 2497 1431 2561 conatus,
1459 2486 1510 2543 alii
1535 2486 1624 2543 facile
1644 2487 1820 2563 arripientes
1840 2487 1893 2545 sibi
1917 2497 2103 2563 usurparent.

497 2590 590 2668 ldque
613 2588 701 2647 etiam
723 2586 917 2663 permittente
938 2588 1049 2644 Autore
1069 2585 1204 2647 fecimus.
1244 2589 1310 2647 Erit
1331 2589 1421 2666 igitur
1440 2590 1499 2647 mm
1520 2588 1661 2665 deinceps
1683 2590 1730 2647 hic
1743 2590 1871 2647 libellus
1892 2592 2042 2664 omnibus,
2064 2601 2095 2647 ut
2108 2590 2166 2647 dici
2186 2589 2278 2663 solet,
2300 2605 2408 2647 nume-

370 2686 412 2742 ris
431 2678 597 2749 absolutus,
619 2684 650 2731 et
670 2674 711 2747 is,
733 2670 779 2727 cui
801 2688 899 2747 nequa
921 2671 1028 2730 deesse
1053 2673 1163 2749 aliquid
1186 2691 1365 2751 magnopere
1387 2674 1574 2734 annotatione
1597 2672 1735 2753 dignum,
1760 2692 1862 2752 aeque
1881 2676 2027 2734 accedere
2048 2675 2174 2751 amplius
2194 2692 2281 2752 possa
2303 2674 2409 2733 ridea-
2433 2681 2438 2700 ⁸

345 2780 437 2841 ¹tur,
473 2774 506 2821 ut
527 2778 605 2819 nunc
627 2759 785 2816 consistere
806 2754 862 2813 hoc
883 2756 944 2814 tina
966 2755 1157 2832 perfectionis
1177 2776 1248 2817 suaa
1270 2758 1394 2835 debeat,
1430 2777 1469 2821 ae
1490 2772 1638 2835 perpetua
1659 2763 1821 2819 mutatione
1848 2773 2026 2831 renovetur,
2062 2771 2093 2818 et
2121 2761 2157 2817 sit
2187 2761 2269 2836 quasi
2298 2753 2408 2827 nita

271 2907 277 2916 ,
373 2844 443 2932 πρὸ
465 2842 608 2918 wluin,
638 2836 890 2917 adhaerenda
912 2826 1215 2911 αὖθικαὶᾶλλος.
1255 2844 1318 2903 Sed
1340 2844 1379 2902 de
1400 2844 1446 2902 his
1466 2844 1548 2904 satis.

500 2947 615 3006 Nostris
637 2943 753 3002 confido
776 2960 794 2999 a
815 2942 968 3020 plurimis,
1004 2946 1055 3022 qui
1082 2944 1139 3003 hoc
1158 2946 1267 3014 ,libello
1296 2946 1339 3003 uti
1367 2945 1529 3021 voluerint,
1565 2944 1688 3021 gratiam
1710 2943 1840 3003 habitum
1862 2946 1914 3020 iri,
1948 2956 1979 3004 et
2002 2964 2067 3003 meo
2090 2947 2178 3004 etiam
2202 2947 2287 3005 simul
2308 2946 2407 3004 studio

369 3047 404 3098 tte
426 3051 526 3094 carae.
582 3030 729 3088 Christum
752 3024 888 3107 σωτῆρα
909 3048 980 3103 oro,
1013 3042 1046 3088 ut
1067 3032 1185 3107 pietatis
1207 3042 1238 3090 et
1260 3032 1401 3089 bonarum
1428 3031 1535 3087 artium
1565 3038 1666 3087 coetus
1694 3030 1773 3088 iater
1799 3031 1852 3088 hos
1875 3031 1979 3089 Mundi
2008 3033 2103 3089 varios
2130 3032 2248 3089 furores
2277 3032 2405 3108 benigne

370 3122 447 3183 tueri
470 3119 558 3191 velit,
588 3114 627 3177 ad
650 3115 780 3173 veritatis
801 3125 940 3172 aeternae
963 3115 1187 3173 illustrationem
1217 3126 1247 3174 et
1277 3117 1400 3194 gloriam
1429 3115 1601 3173 sanctissimi
1630 3116 1755 3172 nominis
1782 3117 1844 3191 sui,
1880 3129 1910 3175 et
1931 3116 2084 3175 Ecclesiae
2112 3136 2183 3175 suae
2212 3118 2405 3176 incrementa.

370 3209 489 3287 Lipsiae
510 3202 590 3260 Xlll.
611 3198 735 3259 (Laland.
758 3197 905 3257 Octobris.
949 3203 1032 3257 Anno
1054 3200 1163 3258 Christi
1186 3200 1274 3259 lhesu
1297 3202 1339 3261 tt.
1353 3202 1390 3259 D.
1402 3201 1438 3259 L.

1330 3333 1434 3397 Idam.

495 3447 571 3514 Quia
592 3444 752 3502 arbitrabar
775 3459 846 3518 prae
868 3441 949 3516 aliis,
982 3439 1061 3499 hunc
1082 3441 1214 3499 libellum
1237 3452 1318 3500 recte
1340 3453 1371 3500 et
1392 3442 1506 3500 utiliter
1528 3440 1705 3500 discentibus
1726 3440 1846 3498 Latinas
1870 3441 1971 3499 literas
1993 3443 2117 3517 proponi
2140 3459 2245 3518 posse,
2280 3440 2351 3501 ideo
2375 3455 2407 3502 et

367 3544 452 3597 autor
472 3552 508 3591 ac
528 3531 643 3588 adiutor
663 3527 708 3585 fui
728 3526 926 3585 adornationis
947 3536 979 3585 et
999 3527 1205 3585 elaborationis
1227 3526 1328 3602 huius,
1356 3539 1388 3584 et
1410 3527 1486 3585 hauc
1506 3526 1663 3584 editionem
1687 3536 1720 3584 at
1741 3539 1887 3600 nostram,
1909 3542 2048 3584 concesso
2071 3528 2153 3584 nobis
2176 3528 2320 3586 Caesarea
2341 3529 2410 3588 Pri·

366 3621 476 3698 rilegio
497 3615 651 3675 defensam
672 3631 707 3669 ac
728 3622 821 3670 tutam
844 3612 1080 3687 essevolumus,
1111 3629 1151 3668 ne
1172 3613 1238 3688 quis
1258 3631 1310 3670 sua
1332 3625 1439 3690 sponte
1459 3622 1562 3671 contra
1584 3610 1764 3670 voluntatem
1787 3623 1915 3669 nostram
1937 3610 2036 3669 denuo
2060 3613 2245 3688 exprimere,
2274 3625 2305 3671 et
2329 3613 2409 3672 hanc

368 3723 489 3784 operam
510 3698 694 3779 peculiarem
716 3708 879 3753 nostrorum
901 3714 936 3754 ac
958 3706 1106 3769 nostram,
1135 3717 1189 3773 pro
1212 3717 1264 3755 suo
1286 3698 1405 3756 arbitrio
1427 3715 1570 3773 usurpare
1590 3699 1684 3767 ausit,
1713 3708 1814 3754 contra
1834 3696 2009 3755 sacieatibus
2030 3698 2122 3754 multa
2143 3699 2306 3775 proposita,
2328 3716 2407 3776 quae

368 3794 400 3850 ia
422 3790 582 3868 diplomate
604 3782 757 3840 iudicatur.
801 3781 864 3840 Hoc
885 3780 1064 3840 mouendum
1087 3799 1190 3839 omnes
1211 3781 1365 3858 duximus,
1393 3799 1431 3839 ne
1453 3779 1519 3859 quis
1540 3781 1619 3839 forte
1640 3781 1850 3843 detrimentum
1872 3782 1926 3839 sibi
1949 3781 2003 3838 hac
2024 3782 2053 3838 in
2076 3795 2161 3860 parte
2184 3794 2361 3846 accerseret.

454 3923 537 3981 Hauc
557 3917 721 3975 Editionem
746 3917 906 3974 Camerarii
928 3916 1053 3994 primam
1076 3926 1202 3973 secutae'
1217 3927 1286 3973 suut
1308 3915 1382 3975 haer

497 4035 725 4101 Grammatico
746 4031 904 4114 Philippi
923 4028 1198 4095 Melancbtlsanis
1220 4030 1369 4107 Latina,
1391 4029 1469 4093 Iam
1490 4032 1598 4093 denuo
1620 4033 1797 4110 recognita
1819 4040 1852 4091 et
1878 4030 2050 4112 plerisque
2078 4035 2116 4092 in
2144 4031 2226 4094 lacis
2256 4033 2407 4113 locuple·

541 4131 650 4196 tata„
670 4130 703 4179 et
732 4123 882 4183 auctoris
910 4119 1084 4179 voluntate
1105 4117 1215 4194 edita,
1251 4115 1472 4179 Accesserant
1494 4129 1527 4179 et
1550 4123 1784 4179 annotationes
1806 4128 1977 4191 recentes,
2012 4118 2054 4178 de
2076 4122 2215 4180 consilia
2237 4118 2411 4182 touchant

537 4204 726 4272 &maurit
746 4204 846 4266 utiles
861 4203 1013 4284 futurae
1035 4213 1106 4263 tant
1122 4200 1310 4282 Magistris
1333 4223 1433 4284 qaam
1453 4201 1654 4286 Dissipatis.
1698 4201 1785 4265 Itcns
1802 4201 1986 4266 Dentatus
2009 4204 2050 4264 de
2065 4203 2300 4285 ortograptno
2322 4202 2410 4287 (sic),

539 4313 665 4357 recens.
713 4288 853 4369 Lipsiae
878 4293 916 4349 in
944 4283 1095 4370 officina
1124 4285 1301 4352 Valentini
1320 4289 1450 4370 Papae.
1496 4287 1595 4352 Anna
1618 4285 1671 4350 M.
1684 4286 1728 4351 D.
1743 4288 1828 4352 LII.
1876 4288 1954 4351 Catm
1975 4288 2168 4369 Priuilegia
2196 4288 2408 4373 quinqcnnq'y‘.

538 4379 628 4462 34¹s,
650 4381 748 4457 plagg.
779 4376 836 4436 litt.
855 4393 894 4451 α,
924 4378 948 4435 Α
973 4375 1011 4456 (Α
1030 4373 1072 4455 ΙΙ,
1089 4378 1151 4453 pl.,
1181 4377 1280 4436 41011.
1304 4376 1502 4454 cnut.)-Z,
1523 4379 1606 4436 a-l
1628 4379 1722 4455 sign,
1755 4375 1879 4436 12ioll.
1902 4397 1959 4434 uon
1982 4398 2094 4450 num.‚-
2115 4374 2181 4439 523
2202 4398 2290 4456 pagg.
2314 4398 2410 4454 num,

539 4469 593 4526 ult.
615 4483 682 4544 pag.
706 4472 806 4538 vacat,
833 4460 864 4523 8.
894 4457 963 4543 (tol.
978 4479 1002 4521 at
1016 4461 1138 4522 2¹—rl
1151 4459 1193 4522 2¹
1220 4463 1352 4521 Eaedem
1374 4464 1506 4541 quinque
1527 4464 1690 4540 Epistolae,
1719 4481 1737 4519 a
1759 4465 1863 4541 quibus
1883 4461 1980 4522 Editio
2001 4467 2139 4540 praeced.
2165 4484 2193 4525 a.
2208 4461 2303 4524 1550.
2326 4465 2409 4522 ordi·

537 4562 600 4623 tur;
644 4550 696 4608 fol.
714 4545 888 4608 Apu-,p
917 4547 1081 4605 Camerarii
1111 4547 1254 4625 praefatio
1281 4548 1402 4626 Lipsiae
1424 4546 1469 4607 ld.
1489 4549 1583 4627 April.
1610 4553 1694 4608 hano
1716 4548 1759 4607 M.
1773 4549 1811 4606 D.
1825 4547 1887 4609 Lll.
1916 4551 2042 4626 scripta,
2079 4551 2202 4628 eiusque
2231 4549 2409 4622 admoniti03

539 4653 608 4715 pag.
624 4629 773 4694 t-eat.
798 4633 996 4692 Grammatica
1017 4633 1070 4693 lat.
1093 4653 1158 4690 cum
1183 4635 1258 4691 notis
1281 4634 1419 4710 margin.;
1455 4654 1485 4710 p.
1499 4631 1693 4697 326—465.
1708 4633 1786 4693 med.
1814 4634 1861 4693 De
1884 4635 2009 4711 Syntaxi
2032 4653 2057 4692 c.
2080 4648 2154 4694 nott.
2177 4654 2289 4715 marg,
2317 4653 2410 4714 prae-

539 4721 627 4778 missa
647 4718 849 4795 praefatione3
888 4738 919 4797 p.
933 4715 1008 4778 465.
1025 4715 1249 4778 mea—tae.
1267 4718 1346 4778 nied.
1369 4720 1416 4777 De
1436 4721 1569 4779 Periodis
1592 4741 1618 4780 c.
1640 4729 1714 4780 nott.
1736 4738 1827 4797 marg.
1835 4744 1844 4792 ς
1888 4740 1918 4798 p.
1933 4718 2008 4781 469.
2023 4731 2100 4778 cxtr.
2115 4719 2246 4782 -471,
2259 4721 2337 4782 med.
2360 4723 2409 4780 De

534 4802 776 4866 Distiuctiouibus
799 4824 824 4862 c.
847 4815 921 4863 nott.
944 4822 1054 4880 marg.;
1099 4823 1130 4881 p.
1147 4801 1221 4863 471.
1240 4802 1556 4868 exta-mmcd.
1585 4805 1724 4866 Prosodia
1746 4826 1770 4866 c.
1794 4817 1867 4864 nott.
1890 4823 2001 4881 marg.;
2042 4825 2072 4884 p.
2090 4803 2164 4867 507.
2181 4803 2410 4866 med-523.

535 4888 583 4947 De
605 4886 841 4966 orthographia,
872 4890 901 4945 in
924 4889 1005 4946 cuius
1026 4887 1088 4947 fine
1112 4888 1211 4946 addita
1232 4900 1301 4947 sunt
1322 4888 1450 4952 haecce:
1487 4885 1679 4965 laaabintus
1702 4887 1915 4952 Camerarius
1939 4885 2129 4970 Pabsperg.
2157 4892 2326 4969 perscrip.
2352 4886 2409 4954 Id.

537 4965 671 5053 Μανῆ]
694 4967 792 5033 Anna
813 4969 940 5036 christi·
959 4967 1007 5032 M.
1023 4968 1068 5032 D.
1083 4968 1187 5045 LII.;
1212 4974 1274 5032 ult.
1298 4994 1366 5054 pag.
1389 4976 1487 5057 vacat)
1500 4977 1541 5052 ¹¹).
2111 5005 2113 5010 ·

455 5094 613 5153 &marani
637 5093 783 5171 praelatio
806 5095 890 5150 huius
912 5093 1055 5151 Editicais
1076 5112 1094 5151 a
1117 5094 1300 5170 praefatione
1323 5096 1528 5174 praecedentis
1551 5117 1579 5156 a.
1596 5094 1689 5158 1550.
1712 5115 1748 5154 eo
1770 5107 1882 5155 tantum
1911 5096 2028 5173 differt,
2064 5095 2142 5175 quod
2170 5095 2269 5154 verbis
2298 5113 2411 5168 „sae-

368 5181 506 5263 pissima
527 5180 759 5256 respiciamus.
767 5175 786 5201 '’
808 5188 839 5236 et
859 5219 880 5253 „
888 5172 969 5239 Cum
991 5187 1105 5237 autent
1130 5175 1382 5261 Typagrapbss
1402 5181 1549 5243 Μαίον’*
1562 5185 1720 5242 interserta
1747 5193 1815 5242 sunt
1836 5182 1962 5241 haecce:
1999 5184 2114 5241 Deesse
2135 5181 2231 5238 adhuc
2253 5181 2411 5241 ridebatur

369 5265 503 5326 doctrina
523 5264 768 5342 orthographiae.
814 5263 896 5321 flauo
918 5265 1005 5341 igitur
1028 5276 1060 5324 et
1077 5267 1173 5343 ipsam
1197 5269 1415 5345 adiungendam
1441 5269 1594 5339 duximus,
1629 5270 1759 5327 breviter
1787 5284 1821 5325 re
1850 5268 1979 5326 iudicata
2006 5270 2103 5344 potius
2130 5285 2218 5343 quam
2248 5268 2409 5344 explicata.

367 5354 412 5412 lta
437 5365 554 5426 tamen,
577 5362 608 5408 ut
630 5350 706 5427 quod
730 5349 767 5407 ad
790 5350 934 5407 rationem
958 5351 1116 5412 emendate
1139 5364 1170 5410 et
1192 5366 1273 5413 recte
1296 5354 1442 5414 scribendi
1462 5356 1628 5432 pertineat,
1656 5353 1685 5411 id
1707 5372 1725 5411 a
1746 5371 1794 5410 me
1820 5342 1864 5421 ὥς
1886 5349 1924 5412 ἐν
1943 5349 2059 5434 τύπῳ,
2095 5365 2126 5411 et
2148 5353 2331 5429 generaliter
2353 5351 2412 5410 de·

368 5447 559 5497 monstratum
583 5436 750 5494 uuirersum
774 5452 839 5493 esse
861 5436 1014 5496 confidam.
1024 5435 1043 5464 '’

433 5599 436 5602 -
443 5597 595 5605 -..ῃ-...μ-

402 5683 435 5745 *l
453 5689 528 5741 llaec
548 5690 598 5746 Ed.
618 5703 653 5742 ex
668 5690 795 5745 alibuta.
814 5695 903 5744 sanat.
923 5692 1047 5745 Norint.
1066 5693 1095 5742 ot
1114 5690 1192 5756 regia
1210 5690 1445 5747 arusiensi-nist
1461 5692 1497 5743 ad
1515 5702 1613 5743 muns
1630 5691 1685 5743 ast.
