5125 6525
178 370 258 448 m
310 414 315 424 .

234 537 514 624 coniugaturet
539 532 782 635 ἇναλογικῶς.

283 640 385 723 Edo,
412 639 507 722 edis,
532 639 617 730 edit.

203 785 210 793 ·
283 740 517 835 Imperfecto,
542 741 704 811 edebam.

284 845 470 927 Perfecto,
497 843 566 916 edi.

282 947 443 1031 Futuro,
463 947 588 1015 edam.

231 1065 464 1160 Imperativo,
490 1090 540 1150 es,
565 1066 659 1134 edat.
710 1062 916 1142 Pluraliter,
943 1071 1027 1142 este,
1052 1060 1171 1131 edant.

280 1169 443 1253 Puturo,
468 1180 544 1238 esto
560 1180 613 1249 tu,
640 1176 714 1236 esto
732 1167 803 1236 ille.
855 1162 1061 1245 pluraliter,
1088 1164 1171 1231 eda-

179 1297 280 1355 mus,
308 1285 442 1355 estote,
469 1273 614 1340 edunto.

231 1391 416 1483 optativo,
428 1390 568 1460 utinam
583 1412 708 1469 essem,
722 1399 758 1457 et
770 1382 1001 1487 drutoysxciic
1015 1386 1170 1458 ederem.

282 1494 465 1577 Perfecto,
492 1492 656 1564 edissem.

279 1591 439 1679 Futuro,
462 1596 581 1666 edam.

229 1716 491 1797 Coniunctivo,
516 1714 732 1783 comedam.

280 1816 515 1909 Imperfecto‚
540 1838 622 1885 eum
641 1837 766 1884 essem.

280 1921 465 2004 Perfecto,
491 1916 739 1988 comederim.

280 2022 440 2105 Futuro,
467 2022 688 2091 comedero.

226 2140 429 2225 infinitivo,
457 2163 532 2212 esse
548 2152 583 2209 et
601 2141 718 2210 edere.

277 2245 461 2328 Perfecto,
487 2242 611 2313 edisse.

205 2401 209 2408 .
275 2346 435 2432 Futuro,
459 2355 558 2417 esum
574 2346 648 2427 irc,
675 2355 710 2414 et
725 2363 867 2412 esurum
884 2360 970 2407 esse.
1065 2413 1068 2418 ,

276 2450 483 2533 Gerundia,
509 2446 660 2529 edendi,
687 2445 846 2523 edendo,
872 2441 1063 2509 edendum.

221 2637 225 2645 '
312 2617 465 2687 Ovidius
482 2614 580 2715 [Art.
598 2641 668 2685 am.
686 2610 744 2695 lll,
766 2603 1037 2706 755-758.]:

241 2754 332 2815 Carpe
348 2754 425 2803 cibos
443 2753 556 2817 digitis,
580 2753 625 2801 est
644 2749 752 2813 quiden
770 2748 868 2811 gestus
888 2745 1003 2810 edendi,

312 2838 371 2889 Ors
389 2851 439 2887 neo
458 2838 593 2887 inmunda
611 2838 671 2885 tote
688 2844 813 2898 perunge
832 2843 922 2881 nsuu.
955 2869 967 2887 .

240 2925 318 2974 Neve
335 2924 381 2973 tiu
400 2936 545 2986 praesume
563 2925 665 2985 depes,
690 2921 740 2970 sed
762 2919 866 2992 desine¹
877 2917 964 2980 citra,

311 3011 398 3072 ouon
416 3010 512 3072 cupies
532 3010 630 3073 penio,
656 3017 737 3070 quen
755 3008 835 3068 potes
853 3015 916 3053 esse
933 3002 1032 3052 ninus.

621 3146 718 3217 Aio.

221 3282 419 3355 ludicativo
444 3285 647 3376 praesenti,
680 3284 759 3366 aio,
786 3281 860 3364 ais,
885 3281 947 3351 ait.
1009 3280 1190 3351 Plurali-‘

206 3411 225 3456 r
271 3389 385 3458 aiunt.

167 3402 205 3459 te
219 3441 455 3583 liuperfecto,
482 3487 635 3559 aiebam.
688 3483 840 3565 Caetera
855 3485 1115 3557 desiderantur.

592 3655 742 3728 Salve.

220 3794 459 3887 Imperativo,
485 3795 594 3866 salve.
644 3792 858 3878 Pluraliter,
883 3794 1027 3866 salvete.

272 3898 330 3968 Sic
343 3897 419 3967 Ave
434 3909 469 3967 et
484 3895 572 3966 Vale
589 3897 835 3981 declinantur,
862 3921 942 3966 cum
965 3911 1050 3969 sunt
1067 3898 1161 3969 salu·

168 4002 271 4071 tandi
287 4001 409 4071 verba.

273 4100 476 4186 lnfinitivo,
515 4101 664 4173 salvere.
742 4100 935 4173 Suetonius
974 4101 1013 4169 in
1045 4100 1159 4172 Galba

168 4201 222 4304 [c.
239 4200 312 4304 4.]:
354 4204 521 4276 Veterem
553 4204 707 4276 civitatis
732 4204 984 4299 exoletumque
1007 4229 1161 4290 morem,

169 4333 212 4377 ac
236 4321 376 4379 tantum
398 4312 439 4381 in
463 4309 573 4377 domo
590 4332 654 4379 sna
671 4305 898 4390 haerentem,
926 4307 1161 4379 obstinatissi-

167 4433 229 4481 me
243 4413 413 4496 retinnit,
439 4425 481 4482 nt
494 4413 612 4481 liberti
628 4412 793 4505 servique
808 4412 862 4482 bis
878 4411 936 4481 die
958 4411 1161 4506 frequentes

169 4516 354 4599 adessent,
394 4540 436 4584 ac
458 4539 565 4584 mane
587 4516 746 4599 salvere,
787 4517 927 4609 vesperi
947 4515 1066 4585 valere
1091 4516 1161 4586 sibi

166 4618 299 4709 singuli
319 4619 491 4689 dicerent.

576 4783 749 4857 Ausim.

220 4922 473 5007 Subiunctivo,
500 4920 635 5006 ausim,
661 4922 774 5005 ausis,
799 4922 903 4993 ausit.
954 4922 1160 5009 Ploraliter‚

162 5023 300 5109 ausint.
563 5044 567 5050 ·

272 5124 423 5197 Caetera
445 5128 706 5200 desiderantur.

599 5298 732 5370 Cedo.

220 5435 270 5508 Ea
286 5437 362 5509 sola
381 5460 451 5505 vox
465 5459 531 5528 pro
549 5436 607 5505 dic
626 5448 688 5505 aut
708 5434 853 5527 porrige
873 5446 980 5508 extat.

272 5539 369 5611 Cedo
389 5542 592 5622 dexteram,
619 5539 716 5630 apud
731 5535 956 5611 Terentium.

224 5659 407 5725 Ιιιιιιιιτιι.
430 5657 537 5723 om.
570 5655 657 5722 Vor.
677 5648 751 5720 XX

837 357 960 437 ¹XCVl.
1017 356 1348 434 GRAMMATICA
1378 356 1571 431 Larius.

1652 529 1786 602 Faxo.

1276 645 1453 717 Futurum
1472 663 1525 720 est
1542 648 1746 732 indicativi,
1771 651 1940 740 faxopro
1956 648 2098 721 faciam.
2210 687 2212 694 ·

1276 748 1324 819 Et
1335 751 1586 837 subiunctivo,
1612 752 1745 836 faxim,
1770 751 1881 836 faxis,
1905 751 2006 825 faxit.
2062 751 2218 823 Plurali·

1224 863 1296 937 ter,
1321 853 1447 926 faxint.

1635 1002 1809 1077 Furem.
1862 1033 1867 1040 ·

2141 363 2293 446 522⁴

1275 1120 1512 1216 Optativum,
1537 1126 1675 1209 forem,
1700 1127 1817 1211 fores,
1841 1127 1947 1199 foret.
2010 1127 2216 1230 Pluraliter,

1221 1225 1353 1296 forent.

1272 1327 1455 1398 infinitivo
1472 1329 1616 1412 futuro,
1642 1331 1732 1399 fore.

1490 1481 1661 1579 loquio
1690 1497 1726 1554 et
1750 1483 1946 1578 inquam.

1271 1600 1492 1687 indicativo,
1518 1604 1646 1699 inquio
1663 1617 1700 1674 et
1722 1604 1894 1699 inquam,
1919 1605 2057 1700 inquis,
2083 1608 2212 1703 inquit.

1323 1707 1536 1791 Pluraliter‚
1562 1708 1743 1801 inquiunt.

1272 1807 1458 1892 Perfecto,
1484 1810 1655 1904 inquisti,
1681 1810 1811 1904 inquit.

1269 1906 1511 2004 Imperativo,
1537 1914 1667 2008 inque,
1692 1912 1846 2008 inquiat.

1653 2063 1776 2136 Infit.

1271 2178 1323 2251 Ea
1342 2205 1412 2250 una
1430 2206 1501 2252 vox
1518 2196 1712 2276 usurpatur
1725 2208 1792 2276 pro
1808 2184 1869 2256 ait.

1618 2334 1811 2426 Quaeso.

1270 2445 1414 2539 Quaeso
1429 2463 1465 2518 et
1478 2474 1706 2544 quaesumus.
1726 2518 1728 2520 ,
1758 2453 1907 2523 Caetera
1921 2453 2184 2532 desiderantur.

1449 2601 1660 2688 Memini,
1694 2579 1792 2690 odi,
1828 2606 1969 2699 coepi.
2185 2701 2189 2706 Ι

1268 2715 1473 2791 Praesentis
1500 2734 1535 2791 et
1550 2723 1740 2814 praeteriti
1761 2724 2058 2816 significationem
2074 2713 2211 2800 habent

1217 2841 1288 2887 ulla
1304 2843 1404 2891 voce·

1268 2920 1493 3008 Praeterito,
1520 2927 1690 3011 memini,
1715 2930 1924 3015 miministi,
1950 2931 2125 3003 meminit.

1322 3025 1535 3112 pluraliter,
1573 3031 1822 3118 meminimus,
1861 3021 2094 3119 meministis,
2134 3059 2208 3105 me·

1215 3126 1412 3200 minerunt.

1267 3230 1643 3325 Plusquamperfecto,
1670 3236 1919 3308 memineram.

1266 3331 1506 3425 lmperativo,
1533 3350 1727 3408 memento.

1219 3473 1222 3481 ·
1321 3436 1537 3523 Pluraliter,
1562 3453 1794 3512 mementote.

1266 3535 1461 3630 optativo,
1500 3544 1652 3613 utinam·
1671 3542 1933 3628 meminissem,
1972 3547 2206 3637 meminisses,

1215 3642 1436 3713 meminisset
1458 3656 1525 3716 etc.

1265 3743 1521 3833 Subiunctivo,
1574 3759 1664 3820 enm'
1686 3749 1934 3835 meminerim,
1986 3752 2206 3840 memineris,

1213 3848 1430 3920 meminerit.
1924 3874 1927 3881 ’

1262 3949 1422 4034 Futuro,
1450 3978 1529 4022 cum
1547 3953 1747 4024 meminero
1762 3954 1829 4051 Ἃ),
1860 3980 1933 4051 quo
1957 3969 1992 4026 et
2017 3933 2227 4029 indicativi

1212 4052 1325 4126 futuri
1339 4055 1597 4145 significatione
1618 4058 1767 4129 utimur.

1317 4156 1518 4249 infinitivo,
1545 4160 1761 4232 meminisse.

1376 4260 1435 4330 sic
1450 4260 1532 4344 odi,
1559 4275 1594 4332 et
1610 4261 1787 4356 coepiss),
1813 4284 1879 4353 pro
1894 4261 2041 4353 incipio.

1317 4377 1555 4449 Grammatiri
1578 4376 1634 4452 his
1657 4381 1765 4450 etiam
1784 4382 1932 4450 verbum
1947 4379 2042 4452 Novi
2058 4378 2204 4450 addide-

1212 4492 1311 4564 ruut,
1336 4484 1453 4575 qnod,
1480 4508 1687 4578 quanquam
1705 4508 1724 4552 a
1740 4508 1849 4554 nosco
1865 4495 1936 4566 est,
1964 4497 2085 4554 tamen
2099 4482 2204 4576 praess

1213 4584 1311 4653 teriti
1326 4610 1413 4655 voce
1428 4582 1536 4655 babet
1553 4589 1750 4678 praesentis
1772 4587 2099 4680 significationem.¹
2134 4585 2205 4656 ve*

1212 4711 1294 4758 rum
1310 4685 1398 4758 haec
1420 4689 1508 4772 tria,
1536 4689 1630 4775 Odi,
1658 4690 1788 4782 Coepi,
1815 4704 1851 4761 et
1865 4689 1981 4783 Novi,
2008 4691 2116 4761 etiam
2133 4687 2205 4759 lm-

1212 4791 1415 4882 perativum
1440 4793 1656 4865 desiderant.

1457 4980 1521 5052 De
1548 4981 1957 5077 impersonalibus.
2040 5028 2042 5033 .
2166 5002 2195 5059 ·“ι

1315 5119 1524 5197 Personalia
1541 5120 1729 5207 dicuntur,
1753 5121 1883 5217 quibus
1896 5133 2012 5193 certae
2027 5108 2203 5225 personae

1212 5223 1459 5321 nominativus
1492 5225 1749 5317 praeponitur,
1788 5239 1848 5311 ut,
1890 5249 1956 5317 ego
1985 5227 2123 5331 scribo,
2162 5241 2203 5329 tn

1215 5385 1419 5396 --.-----

1210 5534 1215 5543 ¹
1247 5465 1298 5539 ξι)
1315 5459 1478 5529 neniuero]
1497 5464 1546 5516 Ed.
1561 5477 1586 5515 s.
1601 5474 1646 5517 s:
1670 5463 1820 5514 meminero
1839 5422 1897 5513 eris
1915 5426 1970 5512 erit
1985 5463 2037 5511 eto.
2085 5508 2090 5533 ·.
2115 5436 2119 5443 ’

1113 5620 1119 5629 ,
1246 5566 1295 5633 25)
1315 5570 1418 5633 corpu]
1439 5567 1481 5633 sip
1500 5567 1550 5617 ltd.
1564 5580 1588 5618 s.
1602 5576 1644 5629 ις
1667 5564 1861 5627 nolentata,
1881 5562 1975 5627 tm,
1993 5562 2070 5618 1⁶⁴8.
2088 5565 2191 5651 ⁰⁰⁹¹t..

1737 5634 1786 5707 21
