5125 6525
384 491 458 565 tor
642 418 680 515 ἰ
966 534 976 547 .
1007 482 1130 570 PHlL.
1157 481 1272 557 neu
1298 481 1501 556 snttwra
1528 474 1797 555 turonica
1955 469 1957 471 ’
2348 461 2426 550 ldb

386 662 455 731 erit
470 659 598 730 'l'trreis
614 670 735 752 postea
753 682 818 750 per
832 657 1076 741 occasionem,
1105 657 1322 751 irruptiones
1337 658 1376 725 in
1429 671 1513 726 tem.
1567 655 1724 723 Maiores
1746 652 1861 722 nostri
1887 663 2040 744 quantas
2064 671 2123 719 res·
2145 661 2354 740 gesseruut,
2386 663 2430 721 ut

370 750 772 843 'Germaniamfacere3
800 761 939 855 quoties
955 762 1076 832 velint.
1128 758 1376 832 Acmibiere·
1428 760 1466 827 in
1493 757 1577 826 asia
1614 756 1853 848 reprimerent
1886 750 2165 823 Mahometieam
2201 752 2427 822 barbariem!

387 868 479 949 dite,
504 889 578 933 non
603 865 718 935 solum
745 864 903 946 fortiter,
930 865 990 934 scd
1017 864 1124 933 etiam
1144 889 1275 955 magno
1292 886 1376 932 con·
1428 861 1483 931 llli
1505 884 1579 928 non
1600 861 1835 942 dubitabant,
1865 858 1972 926 talem
1997 853 2136 925 bostem
2161 856 2289 947 proeul
2314 874 2428 951 quae-

388 971 467 1041 silio
482 967 624 1036 'l'urcae
644 967 919 1058 belligerantur,
945 968 1073 1036 intenti
1094 968 1131 1035 in
1155 967 1376 1043 occasiones;
1429 987 1520 1046 rere,
1546 985 1643 1032 nunc
1659 963 1801 1031 'l'urcae
1819 984 1969 1051 reguum
1989 958 2096 1029 nobis
2109 958 2266 1027 vicinum
2284 957 2430 1030 invase⁴

387 1095 453 1141 nec
470 1072 716 1141 omniasimul
733 1092 908 1162 occupare
923 1085 1112 1151 conantur,
1135 1073 1193 1140 sed
1215 1093 1295 1138 arce
1313 1069 1377 1137 ali·
1428 1080 1534 1149 runt,
1561 1040 1626 1135 nbc
1645 1079 1717 1135 tam
1736 1064 1961 1145 Pannoniae,
1988 1084 2097 1156 quarn
2113 1061 2333 1131 Germaniae
2349 1056 2428 1131 bela

389 1198 458 1269 qna
475 1174 558 1243 belli
574 1187 697 1265 capta,
724 1173 896 1263 paulatim
915 1184 1054 1242 tentant
1073 1174 1188 1242 vicina
1209 1174 1300 1243 loca.
1429 1172 1503 1239 lum
1521 1169 1746 1239 denuntiant.
1799 1166 1934 1237 Multos
1948 1167 2020 1234 iam
2036 1164 2425 1256 annosllungarnnnn

460 1360 463 1367 Ι
492 1277 546 1345 Ad
569 1274 638 1345 hoc
660 1276 794 1344 accedit
816 1276 1021 1359 assiduitas,
1048 1301 1117 1370 qua
1137 1278 1288 1345 crevisse
1304 1297 1378 1343 ma·
1431 1274 1561 1342 virtute
1585 1273 1769 1342 barbaries
1790 1272 1850 1338 illa
1877 1281 1972 1339 esta
1995 1268 2126 1339 nostris
2150 1268 2345 1340 cervicibus
2360 1270 2425 1339 de-

390 1404 457 1471 gna
475 1380 626 1471 imperia
642 1381 832 1470 praecipue
847 1379 1027 1457 videmus;
1050 1379 1112 1448 ubi
1126 1382 1234 1449 semel
1250 1379 1377 1469 pedem
1432 1377 1553 1468 pulsa,
1586 1400 1651 1445 uus
1670 1374 1824 1444 vicissim
1850 1371 1991 1440 nationi
2014 1372 2106 1440 bene
2127 1372 2275 1441 meritae
2298 1373 2449 1443 detena.

389 1496 606 1574 posuerunt,
633 1483 717 1549 inde
737 1499 811 1550 non
829 1482 930 1550 facile
947 1482 1185 1572 depelluntur.
1238 1480 1379 1550 Deinde
1431 1480 1568 1549 sionem
1603 1480 1784 1547 debemus.
1846 1476 1973 1545 Manes
2008 1474 2115 1544 etiarn
2142 1474 2427 1546 fortissimorum

388 1585 618 1655 communitis
640 1585 682 1654 iis
705 1585 813 1666 locis,
840 1610 931 1677 quae
956 1594 1196 1675 occuparunt,
1223 1599 1298 1653 tum
1318 1585 1379 1652 de·
1431 1582 1611 1663 virorum,
1645 1581 1707 1675 qui
1733 1581 1770 1648 in
1794 1579 1868 1647 acie
1893 1592 2043 1670 propter
2064 1601 2291 1648 communem
2314 1579 2424 1648 liber·

387 1711 489 1757 mum
520 1711 619 1754 arma
650 1689 839 1777 proferunt
867 1687 1027 1757 ulterius.
1091 1688 1212 1779 Quare
1239 1684 1380 1757 etiarnsi
1431 1697 1540 1753 tatem
1561 1684 1783 1764 ceciderunt,
1809 1677 1993 1774 flagitant,
2018 1694 2059 1751 ut
2082 1705 2167 1751 suae
2186 1682 2324 1773 patriae
2343 1708 2424 1751 mu-

389 1789 622 1860 Germaniam
640 1791 802 1858 nondum
822 1789 1022 1879 attingunt,
1050 1814 1258 1884 quanquam
1274 1812 1379 1880 saepe
1432 1800 1529 1857 tuam
1556 1785 1707 1877 gratiam
1727 1787 1943 1867 referamus,
1970 1808 2177 1878 quanquam
2193 1808 2232 1853 re
2252 1784 2328 1877 ipsa
2345 1805 2422 1855 neu

388 1894 461 1961 iam
493 1892 531 1959 in
559 1890 694 1961 Carnas
721 1895 880 1961 fecerum
900 1893 1135 1984 irruptiones:
1174 1905 1294 1961 tamen
1317 1891 1379 1961 ubi
1431 1891 1550 1960 minus
1565 1891 1715 1981 periculi
1730 1889 1854 1972 nubis,
1877 1911 1986 1983 quam
2002 1886 2209 1979 ilungariae
2225 1888 2422 1980 impendet.
2468 1979 2472 1986 ,

368 1987 573 2084 *lbrngaria
598 1994 704 2085 potiti
726 1995 878 2077 luerint,
912 2009 1016 2063 erunt
1038 1996 1165 2064 intenti
1190 1996 1227 2063 in
1254 2018 1379 2065 omues
1533 1993 1684 2086 Reliqua
1702 2006 1754 2064 est
1771 1992 1880 2060 altera
1897 2015 1981 2084 pars
2002 1991 2283 2075 deliberationis,
2307 2013 2423 2085 quan-

389 2098 614 2180 occasiones,
641 2110 681 2165 ut
704 2115 770 2169 nos
794 2099 1009 2189 imparatos,
1036 2112 1097 2168 aut
1122 2099 1310 2168 distractos
1325 2098 1379 2165 in·
1431 2097 1476 2166 tis
1494 2096 1607 2188 copiis
1622 2119 1679 2166 res
1695 2098 1850 2187 gerenda
1864 2095 1929 2177 sit,
1956 2120 2029 2190 quo
2045 2095 2082 2163 in
2101 2094 2182 2163 loco
2207 2096 2338 2164 bellurn
2367 2096 2423 2166 in·

388 2197 730 2273 testinis-discordiis
749 2203 968 2292 opprimant.
1430 2202 1631 2280 ferendum,
1658 2202 1753 2268 unde
1770 2211 1989 2269 commeatus
2005 2194 2241 2281 subvehendi,
2263 2197 2294 2268 si
2307 2199 2422 2268 animi

374 2333 377 2338 ·
491 2301 550 2386 Sl,
589 2315 629 2373 ut
662 2303 845 2395 Bnlgaris,
877 2317 917 2373 ut
944 2301 1112 2373 Valachis
1148 2308 1379 2394 imperarent,
1431 2326 1505 2371 uon
1529 2298 1726 2384 abhorrent
1749 2304 1794 2369 ab
1813 2296 2006 2373 bochello:
2042 2296 2129 2371 haee
2143 2302 2354 2371 deliberatio
2370 2305 2421 2371 la·-

390 2399 675 2487 nullosl'abores,
701 2407 798 2475 nulla
816 2409 1029 2497 defugerent
1044 2409 1214 2498 pericula,
1241 2418 1378 2500 quanto
1432 2406 1507 2475 cilis
1537 2405 1616 2474 erit.
1686 2405 1777 2475 Nam
1806 2429 1966 2475 summus
1991 2404 2177 2488 Pontifex,
2210 2425 2272 2474 rer
2292 2404 2421 2498 Hispa-

389 2510 503 2600 magis
527 2507 759 2577 Germaniam
786 2521 893 2601 atque
917 2508 1078 2592 ltaliam,
1112 2509 1205 2600 ipsas
1232 2509 1377 2602 quidem
1431 2509 1533 2590 niae,
1566 2522 1601 2576 et
1625 2507 1751 2577 Veneti
1785 2509 1931 2579 classem
1962 2508 2158 2591 instruent,
2193 2520 2228 2578 et
2258 2506 2422 2578 civitates

389 2629 489 2681 arces
503 2604 698 2679 Christiani
720 2611 877 2681 nominis
901 2624 1088 2703 appetent,
1117 2638 1206 2705 quas
1232 2612 1378 2680 siteue-
1431 2612 1469 2679 in
1502 2611 1621 2679 littore
1650 2610 1752 2702 Epiri
1791 2623 1826 2680 et
1850 2612 2091 2703 Peloponnesi
2121 2612 2205 2681 sitas
2231 2611 2419 2681 invadent.

388 2726 470 2783 rent
492 2709 605 2805 (quod
631 2709 822 2805 probibeat
838 2713 972 2810 Deus),
1003 2739 1077 2783 non
1096 2716 1211 2784 solum
1235 2714 1378 2807 imperii
1430 2713 1561 2785 Noster
1581 2716 1753 2786 exereitus
1775 2739 1861 2784 eum
1873 2715 2020 2785 Gallicis
2042 2727 2077 2784 et
2098 2714 2256 2805 anglicis
2279 2714 2421 2785 auxiliis

382 2814 638 2908 ,magnitudine
669 2830 805 2886 veteres
838 2816 1023 2887 Romanos
1060 2830 1276 2911 aequarent,
1316 2819 1378 2888 sed
1430 2816 1469 2885 iu
1485 2817 1693 2888 Pannonias
1709 2820 1890 2889 ducendus
1906 2819 1989 2888 erit.
2037 2818 2129 2888 Nam
2148 2819 2228 2887 ideo
2247 2834 2422 2910 propera-

391 2918 499 2987 etiam
524 2928 637 2985 totam
655 2914 895 2987 Christianam
923 2920 1131 3011 religionem
1156 2922 1289 2990 delesse
1310 2920 1378 2991 sibi
1430 2945 1522 3003 mus,
1549 2933 1588 2989 ut
1602 2917 1672 2990 boc
1688 2939 1838 3011 reguum
1855 2921 2009 2991 Turrico
2025 2921 2214 2990 latrocinio
2229 2921 2421 3000 liberetur;

388 3022 607 3091 viderentur.
634 3020 817 3090 Haberent
832 3024 1067 3092 accessionem
1083 3036 1219 3093 tautam
1233 3024 1378 3107 virium,
1430 3024 1514 3092 inde
1538 3023 1575 3090 in
1597 3020 1776 3115 lllyrieum
1799 3026 1985 3093 transferri
2010 3025 2150 3094 bellum·
2168 3025 2236 3092 erit
2260 3049 2422 3093 commo·

388 3137 428 3192 ut
451 3124 615 3214 reliquae
631 3125 796 3195 nationes
822 3125 899 3195 sine
914 3127 989 3196 ullo
1005 3126 1200 3195 certamine
1216 3147 1378 3197 cessurae
1429 3127 1627 3196 dissimum.
2309 3143 2313 3150 '

389 3240 515 3300 essem
556 3223 695 3311 Beros,
717 3230 779 3324 qui
796 3248 893 3299 nune
908 3252 1007 3298 arma
1025 3229 1158 3321 geritis,
1184 3249 1229 3298 ne
1244 3225 1378 3301 Christi
1529 3228 1559 3296 F
1560 3228 1739 3298 ormulam
1764 3229 1871 3298 etiam
1896 3255 2083 3322 propono,
2114 3242 2290 3323 quantuni·
2312 3249 2423 3321 pecu-

387 3350 520 3414 uornen
555 3331 761 3416 aboleatur,
794 3332 927 3427 quique
959 3356 1081 3402 veram
1109 3333 1318 3425 religionem
1344 3346 1379 3401 et
1429 3332 1528 3412 uiae,
1567 3345 1742 3426 quantum
1786 3333 1946 3427 equitum
1988 3355 2032 3402 ac·
2070 3333 2231 3426 peditum
2269 3321 2423 3422 singulis

387 3434 588 3506 libertatem
621 3448 773 3505 vestram
805 3437 1013 3517 defenditis,
1055 3450 1176 3527 postea
1208 3440 1382 3506 adversus
1429 3434 1655 3527 Principibus
1671 3436 1889 3506 Germaniae
1913 3436 2161 3528 imperandum
2187 3450 2266 3506 esse
2285 3448 2420 3527 putem.

388 3533 571 3610 Cltristnm
588 3561 657 3629 pru
671 3539 807 3607 nefaria
828 3540 1011 3631 impietate
1027 3539 1194 3620 militare,
1221 3551 1377 3632 tyranno
1430 3537 1658 3608 Commeatus
1677 3553 1716 3608 ut
1732 3537 1900 3608 Danubio
1917 3536 2182 3622 contebantur,
2210 3561 2228 3606 a
2248 3552 2305 3607 nte
2321 3549 2419 3607 cetto

388 3640 543 3723 servire,
569 3655 603 3709 et
624 3642 731 3710 fustes
750 3656 934 3731 expectare
953 3642 1101 3711 alicuius
1117 3638 1292 3733 Scythae,
1319 3666 1377 3709 co·
1430 3642 1689 3732 providebitur.
1742 3641 1864 3734 Quare
1887 3643 1936 3726 si,
1970 3656 2011 3713 ut
2035 3666 2161 3734 spero,
2194 3640 2418 3711 bochellum

388 3743 573 3833 geremini.
632 3742 714 3835 Qua
737 3743 963 3812 immanitate
988 3745 1125 3810 domini
1148 3745 1186 3810 in
1211 3745 1378 3834 coniuges
1429 3746 1611 3836 expetitis,
1651 3744 1950 3815 deliberationem
1982 3748 2030 3814 ita
2066 3745 2278 3825 instituetis,
2310 3755 2348 3813 ut
2371 3745 2419 3810 de

388 3856 523 3917 vestras
551 3869 591 3912 ac
612 3846 741 3913 liberos
768 3847 864 3913 usuri
892 3846 1031 3915 essent?
1082 3844 1290 3916 Verecunde
1308 3847 1377 3915 dici
1429 3848 1582 3917 formula
1601 3849 1773 3917 intervos
1792 3849 1994 3918 conveniat.
2045 3848 2142 3922 Nam
2160 3841 2420 3940 propterbanc

387 3970 464 4016 non
494 3960 644 4039 possunt
668 3971 729 4027 ea,
768 3970 860 4040 quae
885 3971 958 4016 non
981 3961 1119 4017 tantum
1144 3948 1181 4015 in
1205 3950 1377 4040 captivos,
1429 3951 1621 4042 praecipue
1643 3946 1701 4020 bie
1723 3965 1919 4022 conventus
1940 3951 2094 4023 indictus
2120 3964 2188 4022 est:
2223 3971 2298 4019 nnn
2322 3975 2418 4020 surn-

387 4053 456 4120 sed¹
475 4052 583 4118 etiam
609 4051 646 4118 iu
668 4074 750 4123 suos
775 4053 1015 4121 committunt.
1430 4067 1505 4136 tus,
1545 4077 1620 4122 non
1661 4055 1822 4136 labores,
1863 4076 1936 4124 non
1972 4056 2130 4147 pericula
2164 4051 2420 4134 detrectabitis,

407 4189 410 4195 ·
489 4152 587 4223 lllud·
606 4164 746 4222 tautum
770 4155 946 4224 recitabo:
984 4155 1098 4246 Capto
1116 4156 1292 4248 Byzantio
1307 4153 1376 4224 lm·
1428 4155 1459 4225 si
1492 4155 1654 4227 statuetis
1686 4155 1764 4225 Deo
1799 4183 1869 4228 vos·
1895 4154 1964 4228 huc
1999 4159 2154 4229 officium
2186 4158 2332 4236 debere,
2375 4167 2419 4222 ut

386 4257 563 4350 peratoris
576 4256 804 4342 Constantini
831 4270 938 4349 caput
960 4258 1087 4326 cervici
1103 4258 1294 4328 abscissum
1312 4271 1376 4342 est,
1427 4255 1496 4328 boc
1529 4260 1660 4328 bellum
1696 4285 1838 4330 summo
1874 4261 1992 4331 studio
2033 4261 2242 4354 suscipiatis.
2308 4250 2419 4326 Chri·

386 4360 423 4430 id
438 4357 669 4431 mahometus
695 4362 802 4429 lixum
828 4360 957 4451 gestari
977 4386 1040 4453 per
1062 4362 1187 4430 urbem
1211 4361 1314 4431 iussit
1338 4361 1374 4429 in
1427 4374 1501 4432 stus
1535 4363 1571 4430 iu
1602 4375 1761 4433 extremo
1794 4363 1927 4434 iudicio
1958 4365 2136 4435 rationem
2171 4382 2189 4432 a
2216 4361 2321 4431 nobis
2351 4380 2420 4451 po-

315 4489 327 4505 ·
386 4462 473 4556 pilo.
523 4463 611 4535 Eius
633 4488 717 4532 vero
735 4464 922 4554 coniugem
947 4488 988 4532 ac
1010 4465 1101 4534 lilios
1128 4489 1202 4533 non
1226 4466 1273 4534 ita
1295 4489 1375 4535 san·
1427 4477 1518 4547 scer,
1545 4466 1592 4548 si,
1625 4490 1705 4535 eum
1729 4465 1876 4559 Imperii
1897 4493 2035 4538 summa
2061 4468 2215 4560 dignitas
2239 4465 2286 4536 sit
2308 4476 2420 4555 peaes

386 4579 461 4645 rte,
485 4580 527 4635 ut
542 4568 744 4637 Alexander
760 4565 911 4637 Macedo
933 4566 1036 4636 Darii
1056 4570 1148 4659 regis
1173 4582 1324 4637 matrem
1342 4583 1375 4637 et
1427 4590 1514 4651 nos,
1551 4571 1755 4640 deseremus
1782 4586 1940 4642 caeteras
1966 4574 2149 4655 nationes,
2183 4571 2315 4641 sinon
2342 4582 2419 4636 sua*

387 4666 594 4759 coniugem,
620 4669 777 4760 captivas
794 4666 936 4751 babuit;
962 4673 1022 4740 sed
1039 4672 1077 4738 iu
1093 4672 1301 4740 convivium
1313 4674 1374 4740 ad·
1427 4671 1599 4762 cipiernue
1641 4673 1884 4744 defensionem
1924 4669 2148 4746 Christianae
2187 4671 2419 4763 reipublicae.

385 4772 509 4840 ductas
541 4772 689 4838 tradidit
714 4770 886 4862 flagitiose
908 4776 1123 4865 stuprandas
1147 4775 1219 4845 suis
1242 4775 1377 4844 satelli·
1426 4773 1548 4844 Genus
1570 4771 1726 4844 bostium
1748 4801 1823 4846 non
1842 4780 2041 4849 extenuari.
2095 4777 2230 4848 Errant
2243 4774 2421 4869 euim‚·si

386 4873 491 4943 ribos.
543 4871 677 4942 Eadem
702 4874 737 4942 in
763 4876 841 4945 aliis
858 4878 1064 4968 regionibus
1087 4878 1247 4948 accidere
1264 4877 1375 4968 eapti·
1427 4879 1489 4972 qui
1505 4889 1635 4969 putant
1648 4877 1786 4950 ancas
1800 4881 1949 4971 ignavos
1964 4895 2026 4950 aut
2042 4882 2200 4951 imbelles
2216 4893 2302 4948 esse.
2343 4872 2424 4944 *l‘ot

384 4975 438 5047 vis
453 4975 631 5046 credibile.
664 4976 858 5071 Nunquam
876 4981 992 5047 dicam
1008 4981 1136 5048 fortem
1153 5004 1227 5050 esse
1243 4981 1375 5065 virm,
1426 4978 1597 5049 victoriae
1615 4981 1793 5065 indicant,
1819 4984 2151 5055 eisnecseientiam
2169 4982 2221 5052 rei
2237 4979 2419 5058 militaris,

384 5103 490 5174 quem
509 5080 591 5149 talia
610 5082 770 5174 exempla
786 5107 859 5150 non
879 5096 1044 5164 movent,
1065 5082 1127 5176 qui
1143 5107 1218 5151 non
1233 5106 1379 5154 summa·
1425 5107 1490 5152 uec
1505 5083 1753 5155 fortitudinem
1771 5090 1902 5160 deesse.
1948 5088 2129 5159 Polliceor
2143 5101 2264 5156 tamen
2280 5084 2417 5152 laetum

384 5181 503 5251 animi
522 5182 715 5276 cupiditate
741 5185 936 5267 desiderat,
964 5198 1003 5254 ut
1022 5186 1148 5255 statim
1165 5208 1307 5276 pugnae
1328 5189 1374 5256 si·
1423 5186 1507 5256 belli
1531 5188 1683 5273 exitum,
1710 5189 1907 5282 quiaDeus
1928 5194 2027 5261 favet
2044 5193 2144 5262 iustis
2169 5204 2203 5260 et
2217 5185 2419 5280 piis¹eattai=

383 5306 493 5377 gnum
515 5300 754 5378 proponatur.
1408 5289 1499 5371 diis,
1536 5315 1576 5359 ac
1603 5304 1738 5361 eertum
1768 5307 1820 5364 est
1845 5314 1946 5366 suam
1974 5307 2277 5366 conservaturum¹
2295 5284 2417 5359 Ecde-

486 5385 609 5485 ltaqne
638 5416 716 5460 cum
747 5415 887 5462 necesse
918 5391 963 5461 sit
992 5392 1096 5461 nobis
1124 5393 1217 5461 tueri
1248 5414 1370 5461 veram
1423 5392 1525 5463 siam.
1584 5394 1710 5464 Servat
1733 5410 1853 5467 autent
1876 5422 1952 5467 nun
1976 5400 2130 5482 otiosus,
2163 5399 2225 5469 sed
2245 5393 2425 5463 latialiter·

381 5493 613 5586 religionem,
639 5495 839 5563 libertatem
862 5506 1044 5576 nostram,
1073 5494 1259 5585 coniuges,
1285 5495 1372 5564 libe·
1423 5489 1599 5579 officium,
1632 5510 1667 5566 et
1689 5501 1782 5569 serio
1808 5521 1913 5594 opem
1935 5501 2011 5573 eins
2036 5514 2144 5597 atque
2160 5486 2424 5570 auxiliamini·-

381 5618 461 5678 ros,
493 5597 607 5686 leges,
644 5621 684 5663 ac
711 5594 935 5686 disciplinam
961 5595 1163 5688 publicam,
1197 5588 1373 5669 adliortor
1421 5598 1615 5691 plorantes.
1654 5599 2010 5674 Necmultitudineni
2031 5601 2211 5688 hostium,
2237 5597 2418 5671 nec'tiret

380 5719 446 5764 vos
463 5698 509 5764 ad
525 5694 631 5767 buius
647 5697 828 5768 iustissimi
844 5722 885 5766 ae
908 5700 1094 5770 necessarii
1119 5700 1201 5769 belli
1225 5701 1372 5772 sucina·
1422 5701 1734 5794 pertimescemum
1767 5708 1830 5777 red
1854 5711 2023 5778 ut'docet
2046 5724 2118 5779 nat·
2134 5706 2315 5779 Psalmut':
2356 5698 2425 5771 llll·
