5125 6525
515 381 675 464 663

732 553 1137 630 cxxxllll.
1210 554 1474 629 Noster
1516 553 1923 649 Imperator
1966 558 2270 630 Carolus
2310 558 2522 655 quin-

895 330 992 460 ν’.
1090 380 1611 457 msmnmz
1663 382 2157 479 QUAEDAM
2205 371 2766 491 mmmm
2813 377 3119 457 m'rmz
3168 377 3639 456 ponnus
3687 379 4251 459 merlonus,

2833 552 3204 626 CXXXIX.
3273 553 3599 627 Medicus
3647 555 3945 651 quidam
3999 556 4089 624 ad
4141 555 4611 630 virumnobi-

521 674 640 733 tus
677 685 839 732 cum
878 672 1061 732 esset
1100 661 1517 732 adolescens
1558 673 1631 730 et
1667 661 1948 731 nobiles
2000 663 2368 731 coaetanei
2411 661 2521 731 in·
2625 660 2767 729 lem
2803 672 3178 751 aegrotum
3218 671 3514 729 vocatus
3562 672 3668 729 est
3710 672 3782 728 et
3828 661 3921 728 ab
3975 683 4061 730 eo
4120 662 4209 729 de
4242 660 4529 754 origine
4554 675 4627 732 et

521 764 757 835 vicem
818 775 1181 834 certarent
1235 765 1631 848 currendo,
1716 763 1990 835 adstitit
2046 764 2196 856 ipse
2257 777 2329 834 et
2385 765 2524 835 fuit

460 943 466 948 ,
524 880 911 959 spectator.
1014 863 1195 936 Cum
1231 867 1539 961 aliquem
1569 866 1845 937 videret
1870 868 2302 961 superbum,
2348 868 2520 963 quia

527 982 741 1042 antea
776 969 1011 1039 victor
1045 968 1126 1037 in
1163 970 1519 1039 currendo
1566 982 1931 1054 evaserat,
2001 984 2248 1062 postea
2297 971 2375 1039 in
2414 996 2521 1050 se-

527 1074 764 1144 cundo
796 1094 1009 1142 cursu
1042 1070 1477 1165 interposuit
1515 1073 1584 1142 ei
1611 1074 1871 1164 pedem
1892 1125 1914 1156 ,
1965 1085 2045 1143 ut
2076 1076 2401 1158 caderet,
2453 1086 2525 1144 et

526 1176 710 1246 alter
739 1175 944 1244 fieret
973 1173 1226 1245 victor.
1330 1173 1518 1244 Hinc
1547 1176 2131 1247 animadversum
2165 1190 2292 1260 est,
2348 1201 2525 1270 qua-

524 1278 617 1350 lis
663 1289 848 1349 esset
894 1289 1200 1362 natura,
1268 1301 1527 1370 nempe
1582 1280 1778 1373 quod
1818 1279 2145 1372 superbis
2189 1279 2524 1353 inimicus

536 1393 744 1453 esset.

739 1478 1080 1553 CXXXV.
1147 1479 1232 1550 In
1265 1495 1513 1553 monte
1535 1483 1815 1555 Mariae
1845 1483 2028 1554 dixit
2058 1484 2351 1577 quidam
2378 1483 2524 1554 Bo-

525 1581 815 1657 hemus:
871 1582 1074 1660 §kefin
1125 1580 1303 1661 mcib'
1339 1604 1476 1660 mer
1514 1591 1635 1681 gsst
1676 1588 1748 1662 ἰιι
1791 1589 1896 1661 eiu
1933 1590 2098 1680 gtofi
2137 1586 2370 1682 tbfimb
2419 1608 2526 1679 ges

527 1685 719 1779 mest.
800 1691 936 1762 ban
993 1704 1139 1760 men
1195 1687 1286 1782 id)
1333 1687 1415 1778 sie
1456 1710 1536 1782 gu
1583 1710 1857 1783 morgen
1901 1688 2030 1782 ἴτω
2078 1711 2168 1764 an
2221 1692 2327 1765 ein
2370 1690 2526 1782 ὓβτ

526 1788 773 1887 [thing.
826 1786 895 1879 Ῐο
944 1788 1210 1865 btssmbt
1250 1790 1337 1882 sie
1380 1794 1503 1866 ben
1546 1809 1809 1886 gangen
1855 1802 1993 1886 τηρ.

738 1906 1112 1980 CXXXVI.
1176 1907 1344 1979 Dux
1370 1907 1680 1982 Ioannes
1706 1910 2114 1982 Fridericus
2146 1910 2384 1981 dicere
2413 1935 2528 1981 so-

531 2011 705 2082 litus
757 2023 901 2082 est:
988 2011 1252 2083 Melius
1304 2026 1408 2084 est
1454 2024 1769 2085 scortum
1818 2011 2225 2098 honorare,
2305 2037 2524 2108 quam

493 2108 910 2185 honestam
943 2126 1354 2185 matronam
1388 2129 1515 2186 aut
1541 2118 1894 2209 virginem
1930 2117 2232 2189 violare.

736 2231 1152 2307 CXXXVII.
1235 2234 1650 2310 fridericus
1695 2239 2099 2321 Miconius,
2185 2236 2313 2332 qui
2371 2248 2530 2306 erat
2572 2254 2573 2260 ’

439 2398 445 2409 .
535 2334 930 2432 aliquando
987 2338 1410 2409 iracundior
1465 2338 1684 2437 (sicut
1728 2343 1965 2411 bonae
2004 2338 2311 2410 naturae
2361 2350 2531 2410 sunt

532 2438 964 2534 iracundae)
1012 2436 1271 2510 habuit
1327 2440 1500 2512 satis
1564 2444 1876 2514 multum
1930 2442 2404 2513 certaminum
2450 2440 2529 2508 in

537 2542 975 2612 consulibus.
1076 2539 1185 2611 lbi
1218 2566 1350 2634 ego
1381 2539 1872 2641 Philippus⁸¹>
1907 2540 2333 2615 adhortatus
2363 2567 2527 2613 eum

535 2667 734 2715 sum:
803 2641 1120 2713 Domine
1152 2643 1562 2731 Friderice,
1626 2646 1950 2718 dicebam
1975 2701 1996 2733 ,
2065 2659 2355 2740 oportet
2395 2669 2530 2716 nos

534 2745 935 2838 reprimere
966 2745 1151 2816 iram
1187 2759 1258 2817 et
1284 2745 1435 2818 non
1482 2748 1788 2820 excitare
1838 2763 1945 2819 tot
1991 2749 2184 2821 rixas
2230 2759 2531 2841 propter

533 2847 903 2941 publicam
951 2872 1201 2940 pacem
1250 2864 1323 2921 et
1367 2864 1676 2924 ventam
1726 2852 1951 2946 ipsius
1992 2851 2530 2936 conscientiam,

539 2962 612 3020 et
656 2951 884 3035 suasi,
963 2962 1050 3022 ut
1108 2953 1356 3024 saltem
1411 2976 1451 3025 a
1504 2978 1658 3024 non
1700 2956 2119 3027 necessariis
2169 2954 2340 3027 rixis
2394 2953 2531 3023 ali-

539 3053 893 3147 quamdiu
922 3054 1350 3141 abstineret,
1401 3069 1473 3127 et
1502 3058 1651 3127 dixi
1696 3082 1859 3129 eum
1909 3060 2529 3152 obtemperantem

534 3157 765 3226 multa
793 3157 986 3226 bona
1018 3158 1190 3227 inde
1217 3160 1442 3253 sequi.
1545 3159 1893 3233 Promisit
1923 3186 1998 3232 se
2040 3157 2225 3231 mihi
2256 3163 2532 3232 obtem·
2576 3211 2579 3233 0

537 3273 985 3353 peratumm.
1089 3259 1268 3335 Post
1317 3264 1691 3336 biennium
1735 3265 1923 3335 redii
1957 3266 2051 3335 ad
2095 3290 2258 3336 eum
2281 3319 2302 3349 ,
2366 3290 2529 3334 cum

540 3363 767 3433 multa
797 3363 944 3433 iam
982 3384 1147 3435 cum·
1176 3391 1307 3436 suo
1340 3369 1631 3438 consule
1674 3368 1927 3460 egisset
1966 3368 2424 3438 familiariter
2461 3379 2533 3437 et

540 3465 817 3560 aliquid
843 3468 1306 3553 concedisset,
1358 3469 1539 3538 dixit
1570 3470 1659 3538 ad
1688 3494 1838 3540 me:
1895 3468 1967 3539 Ο
1995 3470 2288 3539 domine
2315 3464 2532 3552 Phil„

541 3581 897 3663 quantum
968 3570 1334 3639 commodi
1398 3572 1641 3664 accepi
1700 3573 1837 3644 isto
1899 3585 2138 3643 vestro
2207 3572 2533 3656 consilio,

539 3672 864 3763 profecto
898 3671 1204 3743 multum
1239 3696 1356 3742 me
1387 3673 1685 3746 adiuvit.
1786 3674 2059 3747 Verum
2093 3688 2199 3747 est
2221 3729 2242 3760 ,
2295 3675 2532 3770 quod

537 3772 859 3844 brevis
907 3797 998 3843 sa
1022 3774 1386 3866 pientia
1441 3801 1548 3868 pa
1572 3789 1721 3847 rat
1771 3779 2308 3850 diuturnam
2377 3800 2535 3870 pa-

541 3896 772 3960 cem,
822 3876 945 3946 sed
983 3877 1176 3950 illius
1226 3879 1437 3970 parvi
1479 3881 1826 3973 temporis
1871 3881 2213 3973 patientia
2246 3893 2528 3950 tantum
2584 3913 2589 3922 ·

542 3978 818 4049 doloris
848 3979 1058 4050 affert
1088 3994 1168 4052 ut
1198 3983 1468 4053 malum
1513 3983 1808 4076 longum
1850 3985 2145 4055 bellum.
2245 3983 2411 4061 §Bab
2459 3991 2535 4057 οὔ

541 4078 623 4172 ist
659 4078 838 4172 also,
891 4094 1195 4155 naturae
1240 4099 1410 4156 sunt
1450 4088 1664 4170 tales,
1732 4088 1916 4158 sicut
1961 4084 2275 4159 Achilles
2321 4086 2528 4156 dicit:
2576 4081 2579 4089 ''

540 4179 763 4257 Irasci
795 4185 1148 4257 sicut'mel
1185 4188 1462 4260 dulcius
1495 4201 1624 4262 est.

752 4285 1188 4377 cxxxvjll.
1255 4293 1593 4363 Albertus
1625 4291 1951 4364 Durerus
1979 4292 2310 4363 narravit
2348 4288 2532 4361 mihi

544 4390 635 4460 de
662 4388 1207 4476 Maximiliano,
1261 4399 1387 4469 bas
1425 4397 1541 4469 bess
1567 4394 2042 4477 ἔκαπίωἰῐίαηί
2087 4396 2213 4471 bid
2265 4416 2354 4470 an
2405 4398 2529 4469 ben

544 4493 791 4567 πεπτω
822 4491 927 4586 fet)
961 4494 1028 4585 Ῐο
1061 4500 1226 4591 grob
1250 4496 1534 4592 gemefen
1577 4501 1688 4594 αῐβ
1730 4500 1865 4591 sein
1907 4501 2164 4571 femur.
2280 4498 2374 4567 Et
2425 4512 2530 4568 ta·
2576 4525 2577 4528 Ν

541 4619 712 4664 men
753 4598 891 4666 fuit
927 4600 1266 4671 Albertus
1310 4603 1692 4672 mediocris
1731 4615 2071 4675 staturae.
2170 4601 2266 4673 Et
2299 4601 2530 4671 Maxi·
2576 4630 2577 4642 ¹

539 4697 886 4770 milianus
912 4701 1058 4771 iam
1095 4727 1314 4774 senex
1359 4730 1518 4775 cum
1563 4719 1742 4776 esset
1774 4709 2137 4798 Augustae
2179 4706 2257 4774 in
2309 4705 2529 4775 comi-

540 4801 698 4886 tiis,
747 4804 1050 4874 certavit
1071 4806 1176 4875 ibi
1214 4832 1374 4877 cum
1408 4809 1811 4894 nobilibus,
1862 4809 2233 4902 ponebant
2264 4825 2530 4879 asseres

546 4917 618 4975 et
649 4908 1023 4978 certabant
1054 4909 1437 4981 iaculando
1457 4963 1478 4993 ,
1545 4911 1711 5006 quis
1740 4913 1982 5004 plures
2016 4922 2265 5004 possut
2298 4924 2531 4982 trans-

543 5008 782 5096 figere.
896 5010 1005 5083 lbi
1045 5012 1586 5103 Maximilianus
1636 5016 1817 5086 duos
1862 5039 2129 5087 asseres
2177 5015 2533 5085 transfixit

543 5132 696 5181 uno
729 5111 915 5198 ictu,
963 5122 1159 5210 qnod
1206 5141 1423 5189 nemo
1466 5117 1817 5188 nobilium
1862 5130 2228 5211 praestare
2270 5118 2530 5210 possit;

545 5212 683 5282 fuit
734 5227 885 5283 tum
934 5242 1167 5292 annus
1210 5220 1689 5291 Maximiliani
1735 5216 1861 5292 59.
1962 5221 2172 5293 Nunc
2225 5245 2528 5315 corpora

542 5311 925 5389 hominum
988 5345 1137 5392 non
1191 5338 1358 5396 sunt
1401 5324 1711 5417 amplius
1754 5338 1898 5394 tam
1948 5324 2282 5409 robusta,
2350 5326 2533 5395 fiunt

543 5418 970 5494 infirmiora.
1412 5450 1437 5462 ⁶

541 5563 685 5578 ——-

616 5621 717 5682 62)
753 5623 1069 5690 Philippus]
1107 5626 1278 5679 Com:
1329 5640 1377 5694 φ

2629 785 2840 834 causa
2883 761 3058 831 mali
3091 762 3613 853 interrogatus,
3666 762 4084 855 respondit,
4140 763 4542 834 fluxionem
4584 788 4626 834 e

2627 887 2849 936 manu
2879 867 3126 934 dextra
3159 864 3235 933 in
3269 877 3486 956 caput
3512 864 3940 935 defluentem
3962 919 3983 948 ,
4035 879 4277 938 motus
4327 891 4616 938 causam

2630 992 2804 1039 esse.
2950 966 3275 1062 Cumque
3327 967 3452 1036 ille
3508 968 3713 1062 quasi
3783 968 4149 1041 admirans
4216 984 4619 1065 quaereret,

2631 1071 2757 1164 qui
2805 1070 2960 1139 fieri
3008 1082 3290 1162 posset,
3339 1071 3657 1141 medicus
3705 1068 4171 1157 cantharum,
4224 1074 4349 1168 qui
4392 1097 4620 1166 prope

2577 1206 2580 1222 ὓ
2630 1173 2708 1242 in
2739 1195 2985 1243 mensa
3019 1174 3349 1244 adstabat
3384 1198 3544 1243 cum
3578 1174 3752 1243 vino
3774 1227 3795 1257 ,
3850 1176 4203 1267 arripiens
4237 1178 4327 1245 ad
4371 1202 4454 1247 os
4495 1178 4623 1246 ad·

2579 1314 2580 1318 =
2630 1277 2969 1346 movebat
3000 1278 3380 1347 ostendens
3409 1272 3594 1346 hanc
3628 1301 3777 1348 esse
3817 1274 4207 1349 fluxionem
4229 1333 4251 1362 ,
4303 1303 4490 1374 quae
4528 1280 4622 1351 sit

2632 1402 2841 1460 causa
2876 1379 3329 1449 morborum.

2838 1496 3046 1569 CXL.
3115 1496 3294 1568 Cum
3330 1522 3454 1567 rex
3482 1494 3896 1590 Alpbonsus
3928 1524 4093 1570 casu
4124 1500 4623 1572 intervenisset

2633 1599 3107 1693 disputationi
3135 1602 3445 1671 duorum
3478 1625 3565 1670 ex
3592 1602 4041 1685 consiliariis,
4094 1627 4407 1696 quorum
4442 1604 4624 1673 alter

2634 1705 2826 1798 apud
2855 1727 3097 1795 regem
3135 1703 3413 1773 Galliae
3452 1705 3725 1786 fuerat,
3780 1716 3851 1775 et
3885 1718 4297 1798 quaereret,
4345 1707 4434 1775 de
4476 1728 4623 1799 qua

2633 1830 2713 1876 re
2746 1819 2927 1878 esset
2959 1806 3387 1897 disputatio,
3437 1808 3810 1900 respondit
3834 1832 4058 1891 unus,
4112 1808 4240 1901 qui
4268 1809 4424 1900 regi
4451 1807 4626 1879 Gal-

2632 1910 2774 1980 liae
2815 1909 3279 1994 inservierat,
3348 1911 3547 2004 quod
3593 1934 3795 2001 reges
3835 1935 3986 1980 non
4028 1911 4336 1980 debeant
4380 1911 4625 1983 literas

2634 2012 2946 2096 discere,
2997 2015 3123 2083 sed
3166 2012 3337 2084 satis
3386 2036 3574 2096 esse,
3625 2014 3686 2084 si
3737 2013 4060 2084 literatos
4099 2014 4417 2085 foveant.
4513 2011 4627 2084 lbi

2635 2116 2819 2187 dixit
2847 2139 2972 2185 rex
3003 2110 3454 2208 Alphonsus:
3510 2115 3673 2185 Vox
3703 2116 3947 2200 bovis,
4000 2141 4151 2186 non
4182 2113 4524 2187 hominis.

2841 2250 3081 2324 CXLI.
3162 2252 3445 2346 Capnio
3490 2248 3672 2321 mihi
3720 2254 4051 2323 recitavit
4102 2249 4478 2326 historiam
4532 2254 4626 2324 de

2634 2353 2834 2424 Duce
2860 2350 3287 2425 Eberhardo
3321 2353 3904 2447 Wirtebergensi
3937 2368 4007 2425 et
4036 2355 4444 2442 Cardinali,
4497 2354 4630 2451 qui.

2634 2457 2771 2526 fuit
2810 2458 2961 2527 eius
3008 2481 3245 2527 comes
3295 2454 3576 2527 Romae
3634 2456 3713 2525 in
3758 2458 4155 2549 templum,
4221 2459 4406 2530 sicut
4447 2460 4628 2532 tales

2635 2558 2997 2652 principes
3036 2558 3409 2651 magnifice
3444 2571 3869 2632 tractantur.
3924 2560 4072 2653 Qui
4102 2586 4261 2631 cum
4291 2561 4436 2630 iam
4474 2584 4628 2629 am-

2634 2662 2730 2731 bo
2765 2661 3065 2754 ingressi
3100 2675 3333 2734 essent
3373 2664 3722 2756 templum
3747 2718 3768 2747 ,
3828 2662 4044 2734 simul
4090 2662 4632 2759 ingrediebatur

2635 2788 2823 2837 unus
2886 2764 3180 2836 indutus
3236 2765 3548 2836 lacerata
3616 2777 3848 2850 veste,
3927 2766 4054 2860 qui
4112 2767 4407 2859 gerebat
4464 2789 4629 2859 gra·

2634 2867 2831 2936 mina
2854 2921 2874 2953 ,
2930 2867 3192 2961 quibus
3226 2880 3614 2941 ornaturus
3651 2881 3833 2940 esset
3872 2869 4222 2960 templum
4245 2923 4267 2955 ,
4322 2891 4629 2964 cumque

2636 2971 2971 3041 cederent
3031 2970 3098 3040 ei
3154 2966 3524 3057 homines,
3601 2972 3933 3064 pervenit
3992 2973 4082 3041 ad
4140 2972 4422 3058 locum,
4502 2971 4630 3042 ubi

2634 3073 2831 3146 stetit
2884 3072 3231 3168 Princeps
3278 3069 3742 3146 Eberhardus
3807 3087 3879 3143 et
3931 3074 4335 3146 Cardinalis
4387 3098 4628 3146 comes

2637 3176 2811 3247 eius.
2897 3173 3006 3246 Ibi
3035 3177 3308 3270 spargit
3334 3177 3660 3271 gramina
3682 3230 3703 3259 ,
3757 3189 3829 3245 et
3862 3177 4077 3247 simul
4108 3202 4265 3247 cum
4300 3176 4628 3269 gramine

2639 3275 2950 3350 extrahit
2974 3280 3191 3349 sicam
3228 3293 3300 3349 et
3332 3276 3686 3350 interfecit
3717 3279 4215 3361 Cardinalem;
4280 3279 4418 3350 fuit
4461 3280 4628 3351 sub-

2639 3383 3016 3453 ordinatus
3058 3384 3148 3452 ab
3198 3383 3366 3452 alio.
3484 3382 3652 3453 Dux
3690 3378 4153 3454 Eberhardus
4194 3384 4433 3454 statim
4486 3383 4629 3454 dis·

2638 3485 2880 3569 cessit,
2933 3497 3003 3554 et
3031 3485 3266 3555 noluit
3296 3480 3596 3577 posthac
3626 3486 3906 3577 ingredi
3940 3486 4287 3579 templum
4309 3540 4329 3571 ,
4375 3510 4627 3581 quam-

2638 3588 2764 3659 diu
2791 3586 3072 3657 Romae
3102 3601 3279 3659 erat.
3382 3588 3599 3659 Tales
3629 3589 3870 3659 sicarii
3902 3602 4070 3660 sunt
4100 3589 4426 3681 Hispani.

2842 3721 3114 3795 CXLII.
3181 3726 3495 3818 Quidam
3535 3724 3815 3797 iuvenis
3862 3751 4023 3797 cum
4063 3727 4325 3796 multas
4366 3750 4628 3818 pravas

2640 3827 3064 3919 cupiditates
3092 3830 3429 3912 sentiret,
3483 3841 3555 3899 et
3593 3830 3937 3913 nesciret,
3994 3853 4135 3924 qua
4177 3829 4463 3899 ratione
4507 3853 4628 3902 eas

2638 3931 3020 4023 expelleret
3048 3957 3133 4001 ex
3162 3932 3433 4016 animo,
3462 3932 3820 4002 consuluit
3851 3933 4251 4017 eremitam,
4284 3933 4457 4027 quid
4486 3931 4627 4003 sibi

2635 4035 3042 4103 faciendum
3102 4049 3304 4105 esset.
3440 4033 3884 4126 Respondit,
3950 4060 4097 4129 quo
4156 4037 4398 4107 minus
4457 4058 4636 4108 aves·

2635 4161 2849 4228 supra
2887 4149 3103 4227 caput
3141 4163 3350 4207 suum
3383 4138 3723 4220 volitent,
3787 4133 4172 4229 prohibere
4205 4162 4356 4208 non
4389 4161 4624 4229 posse,

2634 4243 2757 4311 sed
2819 4239 2999 4308 illud
3054 4263 3305 4308 cavere
3368 4264 3618 4331 posse,
3689 4264 3782 4309 ne
3832 4240 3910 4308 in
3951 4241 4183 4331 capite
4229 4238 4623 4310 nidificent.

2636 4343 2804 4435 Quo
2836 4340 3235 4432 significare
3272 4343 3524 4426 voluit,
3555 4367 3816 4434 pravas
3850 4341 4272 4434 cupiditates
4306 4366 4454 4435 quo
4484 4341 4621 4409 mi·

2634 4470 2771 4517 nus
2802 4445 3135 4528 veniant,
3188 4440 3559 4536 prohiberi
3588 4469 3736 4514 non
3772 4467 3978 4536 posse
4000 4498 4023 4528 ,
4073 4447 4198 4515 sed
4228 4444 4620 4514 videndum

2637 4566 2820 4633 esse,
2870 4572 2962 4616 ne
2996 4548 3270 4619 radices
3304 4549 3381 4616 in
3418 4548 3631 4619 nobis
3679 4560 3897 4639 agant
3939 4559 4011 4616 et
4045 4548 4122 4616 in
4157 4548 4391 4640 ipsum
4441 4571 4624 4639 opus

2635 4663 3042 4742 erumpant.

2842 4767 3146 4840 CXLIII.
3225 4767 3306 4838 In
3354 4769 3657 4839 concilio
3688 4769 4068 4841 Basiliensi
4101 4770 4395 4864 quidam
4429 4768 4625 4840 docti

2634 4873 2774 4944 viri
2806 4871 3003 4968 (cum
3037 4897 3230 4943 nunc
3271 4873 3370 4943 ibi
3422 4874 3687 4968 essent)
3729 4872 4342 4945 'deambulationis
4391 4872 4621 4965 gratia

2636 4978 3010 5049 exiverunt
3043 4977 3121 5046 in
3167 4978 3576 5069 proximum
3618 5001 3910 5055 nemus;
3965 4978 4272 5047 audiunt
4314 4976 4415 5046 ibi
4464 4999 4626 5047 sua-

2636 5081 2922 5153 vissime
2976 5094 3347 5151 canentem
3414 5080 3767 5150 aviculam
3833 5093 3904 5150 et
3962 5079 4343 5152 inusitatos
4407 5101 4627 5151 sonos

2637 5186 3007 5264 edentem;
3090 5185 3491 5269 mirantur,
3559 5184 3732 5278 quid
3778 5183 3889 5254 sit.
4019 5181 4127 5253 Ibi
4188 5207 4375 5254 unus
4433 5183 4627 5251 inter

2636 5289 2800 5359 illos
2843 5288 3278 5372 animosior,
3350 5288 3477 5382 qui
3520 5288 3917 5379 suspicatus
3963 5300 4065 5358 est
4109 5311 4259 5356 non
4310 5310 4457 5356 esse
4505 5282 4636 5368 ve-³

2584 5470 2589 5477 ¹
2636 5417 2795 5461 ram
2827 5417 3028 5461 avem
3051 5447 3071 5478 ,
3125 5393 3413 5462 accessit
3447 5402 3517 5460 et
3547 5391 3975 5486 alloquitur:
4044 5390 4322 5462 Adiuro
4354 5400 4464 5470 te,
4516 5386 4625 5453 in-

2639 5496 2831 5589 quit,
2894 5519 3023 5587 per
3069 5496 3293 5565 filium
3336 5494 3513 5578 Dei,
3579 5493 3975 5564 Dominum
4030 5505 4357 5564 nostrum
4389 5486 4622 5559 Iesum

2639 5596 3041 5684 Christum,
3114 5612 3196 5670 ut
3237 5599 3443 5686 dicas,
3478 5592 3697 5684 mihi,
3769 5597 3895 5693 qui
3942 5596 4059 5668 sis.
4176 5591 4621 5687 Respondit:

4459 381 4619 460 554
4704 368 4722 378 ,,
