5125 6525
216 1399 272 1486 11.
329 1402 507 1489 l’llllr.
550 1398 711 1485 Malu.
751 1399 1217 1488 EXHORTATIO
1261 1403 1736 1491 MAXIMILIANI
1775 1307 2126 1489 CAESARiS
2250 1427 2252 1431 ·

539 1530 638 1617 ‘AD
676 1533 971 1619 uuuuUM
1008 1531 1260 1621 uuflcls
1299 1532 1798 1662 rnuununluuut

153 1740 264 1857 Haec
285 1798 475 1875 Exhortatio,
503 1799 765 1859 Melantbonis
787 1801 914 1860 auctoris
933 1801 1052 1860 nomine
1073 1800 1239 1879 adscripto,
1267 1801 1411 1860 Chronico
1433 1800 1565 1874 Cariouis
1586 1818 1604 1858 a
1622 1800 1756 1858 Peneero
1776 1801 1911 1877 proxime
1932 1816 2052 1857 annexa
2072 1800 2190 1858 inveni·
2238 1859 2250 1870 ,

152 1896 200 1943 tur
222 1884 253 1941 in
274 1886 377 1943 iisdem
398 1883 484 1942 huius
506 1883 614 1961 Operis
634 1885 833 1959 Editionibus,
862 1904 934 1963 quas
954 1904 1042 1964 supra
1063 1907 1093 1965 p.
1106 1882 1173 1948 4³9
1184 1907 1249 1965 sqq.
1272 1888 1424 1959 recensui,
1451 1885 1514 1946 scil.
1535 1886 1565 1941 in
1588 1880 1695 1943 Edita.
1716 1878 1897 1961 Witeberg.
1922 1880 2015 1944 1572.
2040 1895 2071 1942 ot
2093 1881 2189 1947 158⁰.

90 2041 92 2045 .
151 1968 216 2028 Fol.
236 1965 521 2048 prg.⁷07-720.,
546 1964 796 2050 Ed.Francof.
821 1967 916 2032 1581.
936 1969 967 2032 8.
992 1968 1375 2048 p.1125-1145.,uo.
1399 1966 1567 2049 Francos.
1592 1968 1685 2031 1624.
1707 1969 1739 2032 8.
1763 1990 1794 2048 p.
1812 1966 2068 2048 law-1331,
2097 1981 2188 2047 atque

151 2053 183 2110 iu
197 2054 385 2112 vernaculam
399 2054 528 2132 linguam
550 2072 567 2112 a
590 2056 742 2113 Christo
748 2057 806 2134 ph.
828 2052 990 2115 Perelio
1013 2058 1155 2117 translata
1177 2058 1286 2135 legitur
1307 2058 1338 2113 in
1360 2057 1411 2115 illa
1433 2056 1518 2114 huius
1531 2055 1668 2114 Chronici
1691 2056 1883 2115 translatione
1897 2055 2063 2134 germanior
2081 2053 2188 2113 eodem

152 2137 216 2197 loeo
237 2138 403 2217 descripte,
431 2157 509 2217 quae
537 2134 748 2218 Wrretergoe
771 2139 864 2202 1578.
887 2142 953 2201 Fol.
975 2142 1099 2220 prodiit,
1125 2162 1156 2220 p.
1174 2138 1413 2204 roae-1¹04.

279 2257 342 2314 lloe
360 2258 503 2333 l'enceri,
540 2261 642 2335 generi
664 2259 875 2335 Melanthonir,
910 2261 1076 2318 testimonio
1097 2260 1191 2319 iretur
1214 2260 1290 2317 bano
1312 2260 1554 2318 Exhortationem
1577 2274 1616 2315 er
1638 2258 1718 2317 illins
1739 2258 1876 2317 Chroniei
1899 2252 2058 2316 maore
2081 2252 2188 2317 Wrn·
2274 2292 2276 2294 >

152 2336 309 2417 aaran
328 2344 414 2401 unni
434 2340 530 2405 15⁷2.
554 2344 582 2403 b.
599 2344 619 2402 l.
641 2343 743 2402 mendi
765 2362 845 2403 curo.

957 2559 1368 2574 m·-

208 2807 555 2888 uxflourano
581 2810 937 2888 MAXIMILIAM
962 2811 1215 2890 CAESAltls
1241 2815 1314 2889 Αῠ
1340 2813 1767 2914 BELLUMTURGIS
1793 2811 2134 2890 muununuun

720 2949 924 3010 scurrus
955 2955 980 3011 a
1012 2952 1240 3016 rururrro
1272 2951 1621 3015 uersuruonr.

252 3118 450 3213 Postquam
474 3119 678 3189 nuntiatum
708 3134 780 3203 est,
812 3120 1018 3214 Selymum,
1048 3121 1142 3191 Tur·
1195 3149 1276 3195 eum
1302 3125 1529 3218 maximeque
1546 3123 1646 3192 varia
1662 3124 1753 3192 bella
1769 3134 2024 3204 exercuerunt,
2050 3121 2088 3189 in
2105 3120 2188 3214 qui-

152 3246 273 3293 carum
295 3220 451 3314 Regem,
484 3235 587 3316 capta
611 3220 714 3316 Syria
740 3235 848 3317 atque
869 3226 1054 3318 Aegypto,
1082 3226 1142 3294 de·
1194 3227 1260 3298 bus
1283 3251 1339 3298 res
1361 3250 1513 3317 magnae
1537 3249 1662 3296 omnes
1688 3227 1819 3309 ductu,
1854 3224 2006 3307 virtute,
2045 3235 2080 3294 et
2102 3246 2187 3291 con·

150 3325 318 3405 nuntiare
334 3327 467 3396 bellum
482 3324 700 3395 Pannoniis:
729 3325 998 3398 Maximilianus
1009 3325 1142 3398 Caesar
1194 3329 1275 3400 silio
1291 3328 1402 3421 ipsius
1416 3341 1533 3420 gestae
1549 3339 1645 3398 sunt.

151 3427 337 3499 intestinas
354 3424 642 3498 Christianorum
660 3425 857 3498 discordias
873 3431 1142 3520 componendas
1297 3429 1590 3523 Diligentissime,
1604 3442 1797 3523 antequam
1816 3427 1891 3498 acie
1905 3428 2107 3520 dimicaret,
2120 3453 2187 3519 pu-

152 3555 227 3602 esse
250 3530 369 3612 duxit,
394 3542 435 3599 ut
451 3531 551 3598 omni
569 3553 654 3599 cura
672 3530 712 3596 in
729 3553 842 3599 unum
857 3529 1053 3602 Turcicum
1070 3532 1143 3602 bel·
1195 3535 1330 3624 gnandi
1361 3532 1669 3626 opportunitatem
1699 3530 1951 3623 praevidebat,
1994 3543 2029 3601 et
2049 3531 2087 3598 in
2109 3529 2188 3622 ipsa

152 3633 229 3703 lum
259 3632 485 3714 incumbere,
520 3644 555 3700 et
584 3646 742 3701 caeteros
771 3634 818 3702 ad
848 3645 969 3703 tantae
995 3647 1143 3729 tamque
1195 3637 1270 3704 acie
1296 3637 1445 3706 consilio
1469 3648 1504 3704 et
1527 3634 1776 3725 magnitudine
1794 3634 1909 3702 animi
1924 3632 2098 3724 singulari
2111 3645 2188 3702 ute·

153 3735 332 3826 gloriosae
356 3734 409 3802 rei
430 3732 636 3804 societatem
662 3730 843 3804 attrahere
874 3750 1004 3827 posset.
1065 3736 1143 3808 Nisi
1195 3739 1319 3820 batur,
1360 3762 1454 3832 qua,
1485 3740 1666 3807 interdum
1691 3762 1772 3807 cum
1797 3732 1948 3806 haberet
1970 3735 2188 3806 infirmiores
2317 3786 2320 3791 »

153 3835 251 3908 enim
280 3837 464 3906 communi
492 3860 667 3910 consensu
695 3861 819 3908 omnes
841 3862 967 3930 regum
992 3863 1079 3931 opes
1102 3863 1144 3909 ac
1196 3838 1338 3932 copias,
1376 3854 1439 3910 aut
1468 3840 1595 3935 iniquo
1624 3839 1706 3908 loco
1733 3839 1911 3932 praelium
1936 3840 2189 3921 committeret,

154 3939 249 4010 vires
277 3938 537 4010 immanissimo
571 3964 612 4009 ac
641 3940 889 4031 potentissimo
913 3937 1010 4013 hosti
1031 3966 1144 4035 oppo-
1195 3955 1318 4011 tamen
1347 3937 1504 4013 hostium
1537 3943 1711 4013 exercitus
1740 3941 1945 4034 dissipavit,
1977 3954 2041 4011 aut
2071 3939 2187 4013 elusit.

153 4053 346 4126 uerentur,
379 4043 424 4111 ab
451 4067 495 4112 eo
515 4042 837 4132 pertimescendum
860 4047 1049 4116 universae
1074 4044 1144 4114 rei·
1195 4045 1314 4140 Atque
1337 4043 1388 4113 ita
1407 4047 1672 4137 responderunt
1692 4043 1806 4116 exitus
1825 4044 1951 4137 virtuti
1976 4056 2011 4112 et
2026 4040 2189 4113 felicitati

153 4145 319 4239 publicae
349 4141 574 4216 Christianae
603 4146 789 4216 interitum
818 4147 1011 4218 iudicabat.
1070 4147 1144 4219 Nec
1197 4148 1292 4232 eius,
1317 4160 1377 4231 ut,
1404 4173 1484 4217 cum
1509 4147 1656 4240 gesserit
1676 4148 1832 4237 plurima
1853 4146 2042 4216 bellacum
2060 4157 2188 4238 poten·

156 4249 365 4340 ignorabat,
405 4244 664 4340 imperatorem
701 4247 1143 4341 constantinopolitanum
1196 4250 1342 4321 tissimis
1371 4251 1515 4341 regibus
1543 4275 1584 4319 ac
1615 4249 1779 4343 populis,
1812 4247 1969 4338 coegerit
1996 4248 2042 4314 ad
2062 4269 2188 4337 pacem

156 4364 191 4422 et
211 4349 397 4443 Principes
421 4351 594 4422 Graeciae
623 4351 733 4442 paulo
764 4364 847 4421 ante
877 4353 916 4421 in
947 4366 1143 4445 extremam
1196 4356 1390 4445 petendam
1414 4377 1551 4424 omnes.
1596 4351 1672 4421 ‘lta
1698 4351 1794 4421 enim
1819 4350 1965 4441 gerebat
1988 4348 2102 4431 bella,
2136 4358 2189 4431 ut,

155 4453 395 4524 calamitatem
427 4453 612 4537 incidisse,
646 4478 688 4523 ac
715 4453 858 4546 penitus
891 4456 1025 4527 deletos
1057 4480 1144 4542 esse,
1197 4481 1278 4527 cum
1301 4455 1438 4549 patrios
1467 4455 1690 4549 principatus
1713 4452 1947 4535 defendisset,
1980 4475 2056 4521 uon
2081 4473 2189 4543 appe·

155 4557 241 4626 dum
257 4555 360 4624 ferali
375 4554 551 4626 discordia
568 4552 864 4632 distraherentur.
945 4588 947 4593 ·
1196 4570 1288 4629 teret
1315 4558 1433 4628 aliena
1464 4582 1597 4650 regna,
1639 4558 1701 4628 sed
1729 4555 1823 4625 tueri
1852 4555 1969 4652 etiam
1990 4567 2027 4625 et
2058 4576 2190 4646 augere

258 4657 374 4729 Erant
399 4671 519 4728 autem
543 4660 582 4727 in
604 4660 853 4730 Maximiliano
878 4684 957 4731 cum
983 4674 1143 4733 caeterae
1197 4675 1400 4731 exterorum
1422 4685 1547 4754 regum
1570 4685 1657 4755 opes
1678 4673 1714 4730 et
1734 4659 1967 4750 dignitatem,
1997 4653 2189 4729 honestum

156 4761 306 4832 virtutes
321 4785 453 4853 magno
470 4762 549 4830 viro
565 4762 713 4852 dignae,
739 4774 815 4834 tum
833 4787 919 4832 vero
936 4764 980 4834 iis
996 4765 1146 4850 artibus,
1195 4777 1351 4858 putaret.

157 4887 252 4956 quae
273 4864 312 4932 in
331 4888 473 4937 summo
489 4864 658 4957 Principe
681 4865 830 4936 existere
850 4868 982 4963 debent
1003 4865 1145 4960 (videli-
1299 4866 1535 4951 Adolescens,
1574 4876 1767 4960 postquam
1806 4863 1909 4935 duxit
1941 4862 2064 4934 Caroli
2098 4863 2191 4933 Bur·

157 4976 214 5035 cet
228 4965 374 5037 scientia
392 4969 569 5059 regendae
588 4967 803 5061 reipublicae
820 4969 857 5036 in
874 4993 974 5061 pace,
1000 4982 1036 5040 et
1049 4971 1145 5063 peri-
1197 4970 1309 5063 gundi
1334 4971 1465 5055 filiam,
1498 4994 1579 5040 cum
1603 4969 1701 5039 Galli
1730 4967 1840 5039 armis
1869 4979 2073 5062 repeterent
2098 4966 2190 5036 Bur-

156 5068 209 5139 tia
243 5067 297 5136 rei
322 5069 504 5166 militaris)
537 5072 644 5161 longe
671 5094 796 5142 omues
820 5072 1034 5156 excellebat,
1069 5098 1146 5144 non
1198 5074 1371 5165 guadiam
1394 5085 1430 5143 et
1451 5071 1681 5143 Flandriam:
1717 5072 1834 5165 neque
1858 5070 2105 5163 magnitudine
2132 5094 2192 5140 co-

156 5180 299 5242 tantum
323 5197 408 5242 suae
428 5173 555 5244 aetatis
578 5197 699 5265 reges,
733 5186 880 5268 eratque
905 5166 1073 5268 prorsus,
1106 5190 1148 5248 ut
1198 5177 1342 5269 piarum
1366 5171 1526 5271 uuquam
1552 5172 1784 5268 perterritus,
1816 5198 1934 5269 neque
1955 5173 2191 5245 diuturnitate

156 5272 218 5345 ille
245 5299 406 5346 summus
435 5278 531 5368 apud
550 5276 749 5347 Homerum
775 5277 995 5370 imperator,
1027 5292 1063 5349 et
1084 5304 1148 5350 rex
1198 5280 1301 5364 belli,
1328 5281 1426 5373 quod
1441 5279 1581 5374 aliquot
1599 5302 1715 5349 annos
1732 5301 1860 5368 magna
1878 5276 2077 5370 pertinacia
2092 5297 2192 5364 gere·

159 5376 341 5470 optimus,
366 5391 402 5448 et
421 5379 635 5452 fortissimus
657 5381 821 5452 bellator.
872 5379 966 5453 Nam
990 5380 1075 5453 inde
1089 5408 1147 5456 us-
1199 5383 1327 5465 batur,
1356 5383 1491 5453 fractus
1516 5394 1587 5464 est;
1620 5382 1684 5453 sed
1709 5405 1815 5474 saepe
1836 5380 1998 5472 ingentes
2018 5375 2192 5462 exercitus

158 5503 230 5573 qne
259 5482 305 5552 ab
338 5482 578 5554 adolescentia
611 5507 676 5577 per
699 5507 845 5554 omnem
868 5482 1001 5571 vitam,
1033 5486 1146 5559 multa
1200 5509 1313 5580 parva
1337 5485 1564 5584 manuliudit
1580 5498 1615 5556 et
1628 5483 1785 5576 iugavit,
1808 5495 1845 5554 et
1857 5477 2094 5553 constantiam
2112 5493 2192 5581 tan·

1689 5580 1774 5661 29.
