5125 6525
132 471 210 547 rte

128 644 266 714 ldcirco
282 667 447 714 resonam
465 643 550 736 quia
567 653 719 732 poscunt
735 643 807 710 fata
825 642 1020 723 volucrem,

130 746 316 817 Debentur
329 746 459 816 merito
474 740 695 813 Philomelae
710 765 1002 832 regnaicauorae.

129 848 204 922 Nec
219 874 275 915 me
291 851 479 942 quisquam
496 848 615 936 adiget
628 847 753 914 vocem
774 857 926 928 mutare,
948 844 1119 937 piumque

132 950 281 1021 Consilii
296 952 439 1032 foedus,
466 951 549 1018 dum
568 949 713 1039 spiritus
727 944 794 1018 hos
809 960 908 1037 reget
926 959 1035 1016 artus.

233 1053 371 1121 Annuit
386 1064 421 1120 et
435 1064 553 1141 partes
567 1051 766 1121 assensibus
783 1050 907 1140 implet
921 1043 1106 1130 Acanthis,

131 1154 295 1223 Tandem
313 1177 427 1244 pauca
445 1153 570 1221 refert:
598 1176 662 1242 ego
682 1166 734 1234 te,
759 1175 850 1245 quae
867 1151 984 1220 dulcia
1003 1162 1104 1238 grato

131 1254 207 1326 Ora
227 1280 315 1326 sono
334 1256 461 1337 solvis,
487 1278 671 1347 nunquam
687 1249 885 1322 Philomela
903 1251 1043 1342 negabo

129 1356 390 1440 Promeritam‚
416 1381 482 1425 nec
497 1380 553 1424 me
569 1379 645 1424 mea
666 1357 825 1423 carmina
842 1356 887 1423 ab
902 1377 965 1422 ore
984 1352 1120 1444 pigebit

131 1459 382 1551 Composuisse
399 1472 480 1541 tuo,
507 1482 572 1527 nec
587 1457 700 1528 Musis
715 1458 852 1548 gratior
869 1457 940 1526 ulla
957 1466 1022 1537 est,

130 1562 249 1654 Quam
266 1562 333 1630 sibi
346 1562 375 1630 si
390 1584 459 1653 qua
476 1573 576 1628 tuum
593 1560 820 1650 praescripsit
831 1559 962 1648 pagina
973 1580 1118 1626 nomen.

233 1663 328 1732 Tum
344 1663 394 1731 sic
411 1663 586 1731 incutiens
603 1662 727 1730 cristas
746 1660 884 1750 excepit
897 1660 1055 1729 Alauda:

130 1762 227 1832 ldem
250 1765 391 1833 animus
411 1763 533 1846 nobis,
559 1786 624 1830 nec
647 1764 716 1830 erit
739 1763 801 1855 qui
822 1763 968 1830 tendere
993 1773 1117 1830 contra

130 1864 211 1934 lure
228 1880 356 1958 queat,
379 1888 566 1958 sacrasque
581 1866 748 1932 infectum
767 1866 915 1932 reddere
932 1876 1057 1935 sortes.

130 1968 234 2037 Scitis
249 1990 343 2048 aves,
358 1967 465 2048 scitis,
482 1969 577 2060 quod
592 1967 686 2035 idem
703 1962 792 2033 mihi
806 1989 938 2034 nomen
951 1978 986 2033 et
999 1988 1117 2047 omen,
1141 2016 1145 2080 Ι

130 2068 181 2138 Et
194 2093 251 2138 me
267 2071 339 2137 iam
357 2070 496 2160 pridem
512 2081 610 2137 vates
627 2093 645 2134 a
662 2070 767 2137 laude
784 2080 970 2136 vocarunt.

129 2172 204 2245 Nec
222 2168 310 2240 mihi
326 2172 397 2238 iam
414 2173 538 2240 subeat
556 2194 689 2239 nomen
708 2183 846 2238 mutare
864 2170 919 2237 vel
935 2191 1054 2237 omen.

130 2272 227 2365 Ergo
241 2297 308 2363 ego·
319 2274 426 2341 laude
437 2269 565 2341 veham
580 2275 690 2362 gratis
702 2268 936 2363 hominesque
949 2274 1118 2363 deosque.

129 2376 201 2444 Per
215 2376 371 2469 liquidos
387 2399 495 2445 aurae
512 2388 644 2443 tractus
659 2400 739 2442 cum
756 2373 913 2442 carmine
933 2374 1102 2442 tendens·

130 2476 298 2570 Dumque
315 2501 427 2559 cano,
452 2477 575 2568 pulsae
592 2478 751 2543 referunt
767 2477 812 2541 ad
828 2474 943 2543 sidera
960 2476 1081 2555 valles,

130 2577 178 2647 Et
194 2578 353 2667 linguam
369 2580 469 2647 solvo
485 2601 592 2667 supra
609 2589 715 2667 caput
731 2600 817 2644 arva
837 2576 1030 2658 colentum,

131 2680 212 2772 Qua
229 2680 326 2750 soleo
344 2703 447 2750 curas
461 2679 590 2748 animis
606 2691 766 2747 avertere
779 2681 936 2747 moestis.

130 2782 224 2854 Huic
239 2781 377 2852 volueri
393 2794 595 2873 acceptum,
620 2781 649 2850 si
667 2781 753 2874 quid
769 2803 847 2849 mea
862 2779 1021 2848 carmina
1038 2804 1120 2871 pos-

749 2895 844 2964 sunt,

131 2984 410 3080 Refferimust),
438 2984 599 3078 votisque
615 2983 715 3054 illum
733 2980 820 3053 haec
838 2983 876 3049 in
890 3005 999 3074 regna
1017 3007 1120 3052 voca-

750 3112 842 3155 mus.

132 3190 190 3259 Sic
206 3190 276 3273 ait,
303 3201 338 3257 et
353 3191 461 3258 misso
477 3213 598 3258 rursus
615 3188 712 3257 velut
730 3201 811 3257 ante
826 3187 973 3269 Senatu,

131 3292 284 3385 Tollunt
299 3316 335 3361 se
351 3293 513 3361 volucres
529 3292 635 3359 celeri
652 3315 759 3379 super
776 3308 858 3361 aera
877 3291 992 3379 lapsu,

131 3386 224 3464 Nam
239 3418 316 3463 sors
331 3406 461 3463 eventu
476 3417 702 3482 congressum
720 3392 803 3460 lusit
817 3389 929 3458 inani.

132 3495 368 3566 Grammatici
389 3507 546 3574 certant,
574 3506 608 3560 et
626 3489 742 3561 adhuc
756 3493 853 3562 velut
870 3514 994 3582 aspera
1011 3491 1120 3562 versis

131 3596 292 3665 Flatibus
308 3595 467 3684 ambigui
481 3595 709 3664 committunt
724 3594 857 3686 praelia
875 3593 986 3675 venti,

131 3698 178 3768 Et
197 3721 326 3786 magna
345 3698 534 3766 involvunt
549 3699 674 3765 umbra
690 3711 894 3790 terramque
912 3695 1119 3789 polumque.

131 3798 277 3894 lamque
294 3799 331 3865 in
347 3800 533 3889 procinctu
551 3799 705 3870 Cuculus
722 3824 785 3890 per
800 3813 923 3892 tesqua
942 3799 1095 3881 volutus,

131 3899 242 3971 Errat
258 3899 362 3991 inops
379 3903 489 3969 animi
508 3915 542 3970 et
558 3927 595 3971 se
611 3916 714 3993 putre
729 3903 864 3993 recepit
878 3902 915 3967 in
932 3914 1093 3970 antrum:

132 4004 258 4096 Qualis
273 4028 377 4095 saepe
393 4006 490 4074 rubis
508 4006 611 4073 latuit
625 4017 821 4074 nocturnus
838 4005 997 4087 abactor,

132 4106 205 4198 Qui
223 4107 399 4197 pecudum
416 4130 585 4177 numeros
602 4107 750 4189 minuit,
775 4108 953 4199 fessosque
967 4107 1104 4175 viantes

132 4206 165 4276 A
182 4221 281 4297 tergo
299 4231 472 4298 superans
487 4209 672 4279 laetalibus
688 4209 809 4279 obruit
825 4209 945 4278 armis.

236 4309 397 4403 Cumque
432 4335 565 4381 novum
599 4311 730 4401 vegetis
759 4312 948 4401 reparabat
977 4309 1120 4380 flatibus

750 4415 873 4482 orbem

133 4512 251 4581 Verna
270 4514 365 4597 dies,
390 4516 501 4584 denso
516 4539 685 4605 spargens
700 4542 760 4587 rus
776 4507 881 4584 om‘ne
897 4514 1030 4596 virore,

132 4613 181 4683 Et
196 4614 352 4705 tepidam
370 4618 530 4687 volucres
547 4618 739 4688 mulcentes
755 4619 916 4687 cantibus
932 4639 1058 4685 auram

132 4717 240 4807 Signa
260 4721 410 4788 dabant:
437 4719 589 4789 Cuculus
606 4720 736 4810 plumis
751 4722 841 4813 petit
856 4744 941 4789 arva
957 4717 1103 4800 renatis,

137 4822 251 4913 Atque
266 4824 372 4892 rudes
386 4823 501 4892 foetus
517 4822 696 4891 Currucae
715 4824 753 4890 in
769 4836 858 4892 tecta
876 4821 1030 4912 reponit,

133 4918 182 4989 Et
199 4923 476 4994 morsu·violans
492 4949 625 5014 parvae
640 4924 731 4994 bibit
747 4951 813 4994 ova
828 4924 997 5016 parentis.

135 5022 297 5117 Cumque
314 5026 454 5095 infirma
470 5052 598 5116 parens
616 5029 755 5097 intenso
772 5030 899 5096 ardore
913 5024 1056 5096 reclusit

133 5126 348 5214 Ambiguam
363 5129 523 5218 prolem,
548 5143 625 5199 toto
643 5154 734 5223 quae
753 5131 883 5199 vertice
900 5152 1008 5220 supra
1030 5139 1093 5211 est,

132 5225 189 5295 En
205 5228 304 5296 rabie
321 5243 443 5319 pastus
456 5244 616 5301 ventrem
630 5232 855 5316 stimulante,
881 5230 1018 5301 tenellis

134 5327 282 5419 Excepit
295 5330 427 5400 victum
443 5334 553 5416 natis,
576 5332 704 5404 dehinc
719 5348 856 5404 vertere
872 5357 1011 5403 morsus

133 5430 308 5522 Exiguam
324 5433 363 5500 in
378 5447 528 5504 matrem
545 5439 695 5527 penuria
712 5439 829 5528 adegit
845 5436 985 5508 edendi.

168 5667 200 5725 s)
218 5665 416 5730 noceri-ua
434 5667 598 5733 aaran
622 5669 711 5720 rec.
729 5669 908 5733 neuim,

763 468 1120 542 ADDlTAMENTA
1143 468 1212 542 AI)
1237 470 1380 543 VOLL.
1406 469 1532 545 l—X.

2085 474 2163 550 m

1169 640 1260 711 Ecce
1276 656 1395 712 autem
1412 639 1614 712 Philomela
1631 656 1711 713 tuos
1726 655 1915 736 postquam
1932 641 2052 716 hausit
2065 659 2163 717 uter-

1781 770 1851 837 que

1171 841 1393 928 Contentus,
1419 858 1455 914 et
1468 870 1538 914 vox
1554 846 1687 916 offensa
1705 847 1852 916 resultat
1865 848 1903 915 in
1920 870 2057 932 aurem,
2158 869 2165 904 ⁴

1169 945 1234 1015 His
1251 971 1358 1039 super
1372 949 1508 1017 accensi
1526 949 1670 1018 confusa
1685 962 1805 1017 mente
1822 951 1974 1019 ruebant

1169 1046 1210 1115 ln
1228 1049 1411 1130 fremitus,
1438 1050 1621 1143 quianam
1639 1062 1763 1119 cantus
1782 1074 1885 1121 exosa
1902 1064 2098 1142 strepentes

1170 1150 1267 1219 Gens
1284 1150 1404 1218 avium
1420 1153 1526 1220 docto
1541 1148 1764 1222 Philomelae
1781 1177 1822 1222 ex
1838 1177 1900 1221 ore
1916 1154 2097 1246 pependit.
2144 1159 2146 1164 ’

1170 1250 1403 1344 Quapropter
1419 1255 1581 1323 volucres
1600 1255 1672 1322 iam
1690 1278 1819 1325 rursus
1829 1255 1866 1323 in
1884 1256 2026 1345 agmina
2043 1257 2121 1347 cogi

1169 1353 1298 1421 Edicto
1313 1353 1429 1437 iubet,
1454 1351 1524 1423 hae
1539 1370 1642 1425 coetu
1659 1356 1799 1425 subiere
1814 1358 2005 1450 frequenti,

1169 1456 1221 1523 Ac
1236 1456 1385 1523 Aedona
1405 1470 1536 1547 parant
1549 1458 1695 1536 rabidae
1712 1460 1847 1528 sociare
1864 1459 2014 1543 volucri,

1169 1560 1262 1639 Aut,
1287 1560 1383 1648 quod
1396 1560 1468 1626 fata
1488 1559 1586 1648 prius
1602 1573 1814 1629 convertant
1829 1585 1935 1630 omen
1951 1562 1989 1629 in
2005 1562 2111 1652 ipsas,

1169 1657 1240 1728 Seu
1264 1659 1320 1740 vi,
1345 1661 1419 1728 sive
1440 1661 1533 1729 dolis
1554 1656 1790 1729 Philomelam
1814 1663 1999 1733 absumere
2023 1676 2162 1734 certum

1790 1776 1852 1832 est.

1168 1861 1287 1931 Sensit
1304 1862 1397 1930 enim
1414 1885 1451 1931 se
1467 1862 1702 1952 ignominiam
1719 1887 1785 1953 pro
1802 1864 1906 1933 laude
1923 1867 2068 1949 referre,

1169 1963 1285 2056 Seque
1300 1964 1375 2054 pati
1393 1978 1533 2054 turpem
1547 1977 1664 2056 spreta
1684 1989 1763 2034 cum
1779 1990 1867 2034 voce
1882 1968 2074 2057 repulsam,

1169 2065 1338 2135 Carmina
1356 2068 1441 2135 dum
1459 2090 1564 2136 sanas
1579 2063 1779 2137 Philomela
1796 2071 1944 2137 referret
1960 2072 2005 2138 ad
2025 2094 2128 2141 aures
2158 2093 2163 2132 ἑ

1168 2166 1208 2236 ld
1225 2181 1408 2250 metuens,
1435 2164 1546 2236 trahit
1561 2169 1599 2236 in
1615 2184 1733 2259 partes
1749 2171 1810 2261 qui
1827 2170 1924 2260 pacis
1938 2171 2082 2265 iniquae
2143 2226 2146 2233 ,

1169 2266 1337 2361 Imponat
1352 2270 1465 2361 leges,
1492 2284 1527 2338 et
1540 2285 1683 2360 pectora
1699 2274 1841 2341 foedere
1858 2275 1993 2363 iungat.

1168 2374 1289 2464 Atque
1304 2367 1410 2440 huius
1424 2373 1506 2440 fidei
1523 2396 1580 2442 res
1597 2376 1844 2465 componenda
1862 2376 1984 2444 relicta
2007 2389 2070 2448 est.
2157 2399 2159 2406 ’

1169 2471 1217 2539 Et
1233 2473 1317 2564 quia
1330 2473 1411 2541 felle
1421 2472 1467 2565 ¹⁶)
1482 2486 1589 2556 caret,
1610 2498 1666 2543 res
1682 2488 1734 2544 est
1749 2475 1936 2546 commissa
1948 2476 2159 2565 Columbae,

1170 2573 1284 2661 Saepe
1299 2576 1413 2643 vicem
1427 2576 1489 2642 lidi
1503 2577 1648 2668 quando
1666 2578 1820 2648 cursoris
1834 2578 1959 2660 obivit,

1170 2676 1306 2745 Nuntia
1323 2701 1415 2770 quae
1428 2701 1570 2746 ramum
1586 2702 1727 2768 semper
1741 2680 1941 2749 frondentis
1957 2681 2073 2751 olivae

1170 2776 1244 2846 Ore
1261 2775 1414 2862 vehens,
1438 2780 1618 2870 specimen
1636 2781 1793 2871 dilapsae
1811 2783 1975 2874 praebuit
1990 2785 2121 2854 undae.

1170 2878 1240 2949 Sed
1255 2882 1392 2965 renuit,
1419 2884 1619 2975 duramque
1637 2883 1749 2952 vicem
1766 2908 1909 2954 versare
1924 2898 2075 2972 recusat,

1170 2982 1254 3053 Non
1268 3007 1415 3075 operam
1432 2985 1643 3075 impendens
1658 2985 1781 3070 ullam,
1796 3010 1871 3055 non
1886 3011 2000 3081 aequa
2016 2987 2161 3079 roganti

1170 3082 1284 3153 Antra
1302 3088 1402 3168 eolo,
1428 3098 1463 3155 et
1478 3100 1621 3157 teneros
1635 3088 1739 3156 labor
1756 3100 1809 3157 est
1825 3091 1974 3158 educere
1993 3091 2122 3172 foetus,

1170 3184 1255 3255 Non
1269 3201 1432 3257 nostrum
1449 3188 1622 3257 intervos
1637 3201 1754 3257 tantas
1771 3214 1986 3280 componere
2001 3192 2091 3274 lites,

1170 3286 1312 3357 Mecum
1328 3287 1464 3372 habito,
1482 3305 1517 3360 et
1531 3291 1625 3359 vitae
1639 3317 1780 3361 cursum
1796 3293 1871 3362 sine
1885 3295 2010 3361 fraude
2025 3293 2160 3385 peregi.

1171 3389 1239 3458 Sed
1256 3391 1286 3461 si
1303 3404 1423 3463 tantus
1439 3416 1542 3461 amor
1557 3394 1636 3483 paci
1651 3395 1858 3463 submittere
1876 3407 2025 3477 mentes,

1169 3490 1226 3560 En
1242 3496 1389 3576 adsum,
1414 3507 1547 3587 tuaque
1564 3519 1609 3563 en
1626 3497 1721 3564 ultro
1739 3499 1908 3565 mandata
1924 3499 2106 3568 facessam.

1171 3595 1250 3664 Neu
1267 3619 1325 3663 me
1342 3597 1430 3665 alias
1446 3608 1547 3665 tanto
1565 3611 1722 3688 exponat
1736 3623 1835 3669 mens
1852 3601 1929 3668 leva
1947 3600 2094 3690 periclo,

1171 3696 1222 3765 Ut
1235 3699 1360 3767 subeat
1376 3699 1476 3767 dirae
1491 3701 1604 3789 gentis
1619 3713 1806 3789 penetrare
1823 3702 1989 3784 latebras,

1170 3797 1217 3867 Et
1230 3800 1355 3869 Cuculi
1371 3824 1539 3892 praesens
1554 3802 1678 3872 audire
1696 3816 1731 3872 et
1745 3805 1893 3873 reddere
1909 3828 2031 3874 voces:

1170 3901 1254 3972 Non
1271 3905 1363 3972 bene
1375 3928 1455 3972 cum
1472 3904 1620 3995 placidis
1635 3905 1787 3974 immitia
1804 3909 1911 3975 corda
1930 3901 2133 3976 cohaerent.

1171 4001 1216 4072 Et
1233 4005 1262 4074 si
1278 4006 1346 4073 rite
1360 4031 1500 4073 memor
1516 4008 1693 4076 maiorum
1711 4009 1869 4098 exempla
1886 4009 2048 4090 revolvo,

1170 4104 1294 4176 Suevit
1306 4108 1345 4174 in
1361 4107 1551 4199 Accipitris
1559 4108 1605 4201 ¹¹)
1621 4109 1774 4179 Cuculus
1790 4111 1942 4199 migrare
1957 4113 2121 4199 liguram,

1170 4207 1221 4277 Ut
1236 4211 1420 4302 quondam
1440 4211 1575 4279 exuviis
1590 4210 1726 4279 Erucae
1741 4213 1850 4279 blatta
1869 4223 2020 4281 creatur.
2129 4243 2131 4247 ·

1171 4309 1316 4393 Crines,
1342 4335 1415 4378 non
1433 4314 1592 4380 animum
1612 4325 1726 4381 mutat
1742 4315 1846 4403 lupus
1861 4314 1956 4381 intus
1973 4335 2134 4380 avarum.

1169 4412 1266 4481 llaec
1288 4413 1349 4482 ubi
1374 4415 1489 4496 dicta,
1517 4427 1647 4482 vovent
1664 4415 1838 4484 furiarum
1861 4416 1899 4482 in
1908 4415 1993 4484 iura
2011 4412 2156 4483 Colum·

1782 4519 1879 4599 bam,

1169 4616 1218 4686 Et
1236 4639 1388 4686 numero
1404 4617 1596 4685 excludunt
1609 4613 1668 4686 hei
1683 4619 1788 4708 plana
1805 4632 1840 4687 et
1856 4642 1942 4690 sana
1957 4619 2156 4713 loquutam.

1168 4719 1316 4811 lamque
1349 4721 1478 4787 iterum
1513 4742 1590 4788 sors
1623 4720 1729 4789 missa
1763 4722 1876 4802 cadit,
1909 4733 2014 4813 teque
2040 4718 2157 4812 [spida

1783 4823 1921 4915 Coccyr

1169 4923 1385 4995 Adiunctam
1401 4922 1569 5006 Merulis,
1594 4948 1686 5017 quae
1702 4925 1838 5018 liquida
1853 4939 1976 5016 stagna
1992 4924 2157 5018 frequen-

1790 5039 1879 5110 tant,

1169 5127 1225 5197 lre
1242 5127 1342 5197 iubet
1355 5126 1486 5197 tabulis
1503 5128 1692 5196 intructam
1711 5152 1751 5196 ac
1768 5142 1844 5198 arte
1859 5128 2018 5217 Pelasga.

1169 5228 1226 5298 Illi
1240 5252 1354 5320 pauca
1370 5230 1479 5298 refert
1493 5230 1637 5314 Aedon,
1663 5230 1745 5324 quia
1763 5254 1871 5301 verua
1888 5231 2056 5302 subibant

1170 5331 1376 5422 Tempora,
1401 5356 1482 5401 curn
1496 5332 1635 5402 dulcem
1652 5334 1717 5403 suh
1733 5335 1863 5424 apertis
1880 5330 2034 5403 aetheris
2050 5327 2122 5400 oris

1209 5582 1254 5648 10)
1272 5583 1354 5642 totle]
1373 5583 1415 5633 alo
1438 5584 1488 5636 ra.
1502 5583 1547 5648 23
1572 5585 1621 5636 ro
1636 5586 1659 5636 1.
1677 5585 1751 5634 velle

1209 5667 1256 5734 11)
1273 5668 1438 5732 ΑωίρίίτΙι]
1460 5670 1511 5720 Ed.
1525 5673 1550 5726 ι,
1571 5672 1633 5735 cyp.
1649 5680 1762 5809 qrroorp:
1787 5665 1922 5731 mnu
