5125 6525
259 404 337 477 aas
545 359 547 363 ’
762 389 1604 468 stc-¹-.·o0uclt1vutsu1a·u1s1.mrlcsss
1633 391 1795 468 nano.
2218 399 2295 473 aaa

261 584 406 665 peccat,
438 572 535 663 quod
562 581 718 660 quatuor
741 564 903 635 terminis
924 565 1070 634 'conficit
1092 563 1253 655 syllogis-
1306 564 1382 636 sola
1400 561 1513 632 animi
1526 564 1752 653 cogitatione.
1766 562 1988 656 deprehendi
2009 579 2138 655 potest.
2187 570 2294 642 Prin·

262 699 355 745 mos.
405 671 609 744 Nervariet
626 671 679 738 vis
697 667 976 749 vocabulorum,
997 667 1035 734 id
1053 669 1150 759 quod
1171 689 1254 735 nus·
1307 666 1430 757 cipalis
1446 665 1616 759 cuiusque
1639 669 1840 757 argumenti
1856 692 1958 760 pars,
1982 670 2201 755 subiectum,
2225 671 2295 744 hoc

264 799 372 869 quam
389 797 464 842 non
480 772 598 843 caveri
614 771 691 839 vult
704 770 923 839 dialecticus.
945 829 948 834 .
972 768 1068 837 Male
1084 769 1178 836 enim
1197 789 1254 835 ar·
1306 780 1358 837 est
1373 767 1530 858 primum
1547 770 1759 839 vocabulum
1782 766 1968 854 thematis,
1995 784 2066 856 est,
2093 775 2209 866 deque
2231 776 2293 848 illo

264 877 550 967 gumentaberis,
574 874 606 943 si
626 874 675 942 sic
695 869 913 964 colliges⁸¹):
955 869 1085 939 Omnis
1102 869 1255 960 polypus
1278 885 1282 990 ἶ
1306 870 1442 962 aliquid
1474 870 1628 952 dicitur,
1667 884 1708 941 ut
1736 871 1912 964 Voluptas
1945 885 1998 943 est
2028 875 2184 957 bonum,
2224 902 2295 948 vox

264 977 450 1069 estpiscis,
473 977 620 1045 morbus
635 973 780 1068 quidam
798 973 952 1064 polypus
969 984 1032 1052 est,
1056 993 1141 1061 ergo
1159 994 1255 1039 mor·
1306 971 1534 1062 principalis,
1558 971 1722 1065 basisque
1737 974 1845 1044 totius
1862 975 2114 1066 disputationis
2128 978 2294 1070 voluptas

264 1083 332 1150 bus
353 1078 499 1171 quidam
526 1077 631 1168 piscis
655 1088 719 1145 est.
776 1074 960 1155 Breviter,
992 1073 1254 1142 inloelicissimc
1307 1086 1380 1155 est,
1421 1075 1535 1166 deque
1560 1098 1602 1142 ea
1626 1074 1760 1144 bonum
1786 1077 1927 1147 dicitur.
1992 1077 2189 1170 Propterea
2210 1090 2315 1151 cum'

266 1181 427 1270 colliges,
450 1179 519 1249 nisi
536 1182 607 1247 duo
621 1175 882 1266 simplicissima
898 1175 1076 1244 axiomata
1093 1198 1254 1256 consuas,
1306 1174 1518 1263 vestigatur,
1561 1201 1672 1269 quare
1701 1180 1745 1246 de
1777 1181 1959 1269 voluptate
1982 1179 2121 1249 dicatur
2144 1184 2293 1267 bonum,

247 1284 304 1352 in
330 1282 459 1375 quibus
481 1280 693 1352 vocabulum
720 1302 830 1347 unum
856 1279 912 1347 bis
938 1290 1141 1367 usurpetur.
1208 1276 1254 1343 At
1307 1277 1421 1367 prima
1441 1278 1636 1367 syllogismi
1655 1304 1756 1369 pars,
1783 1306 1845 1351 seu
1860 1281 2016 1371 primum
2042 1287 2183 1352 axioma
2208 1308 2292 1353 con·

266 1407 474 1453 revocemus
490 1381 685 1474 syllogismi
699 1381 925 1449 naturamad
942 1378 1055 1446 animi
1070 1377 1254 1459 iudicium,
1306 1379 1442 1460 licitur,
1481 1380 1610 1447 deinde
1637 1404 1677 1449 ea
1712 1385 1787 1472 ipsa
1821 1405 1942 1456 caussa
1978 1386 2024 1451 ad
2057 1385 2292 1477 voluptatem,

266 1497 307 1554 ut
337 1483 557 1573 intelligatur
587 1507 661 1552 esse
682 1482 857 1551 naturalis
878 1482 1059 1575 quaedam
1088 1476 1255 1550 thematis
1307 1483 1468 1574 adeoque
1496 1483 1542 1549 ad
1574 1482 1726 1554 cuiusvis
1754 1480 1921 1556 thematis
1951 1485 2147 1556 subiectum
2178 1487 2292 1580 appli-

267 1586 446 1678 probandi
467 1580 675 1667 methodus,
716 1583 821 1653 etsie
843 1581 1042 1673 compingi,
1082 1594 1123 1650 ut
1152 1582 1255 1650 aliter
1306 1594 1403 1663 cata,
1450 1583 1684 1673 posteriorem
1728 1587 1924 1677 syllogismi
1964 1600 2101 1677 partem
2139 1590 2291 1659 conficit.

268 1710 342 1756 non
356 1686 469 1778 possit
485 1700 548 1755 aut
563 1687 702 1755 debeat.
748 1679 942 1777 ‘Atqueflhic
956 1684 1160 1752 dialecticae
1181 1706 1255 1752 cer·
1306 1683 1490 1753 Posterior
1503 1680 1670 1756 thematis
1686 1709 1769 1776 pars
1787 1688 1823 1756 in
1840 1689 1996 1778 primurn
2015 1691 2179 1759 collocari
2194 1692 2292 1760 axio·

268 1788 459 1858 titudinem
478 1800 530 1858 est
554 1799 733 1878 spectare,
761 1788 857 1880 quod
881 1786 1000 1855 nullae
1021 1780 1254 1855 suntlilreto·
1307 1810 1365 1854 ma
1382 1787 1509 1868 debet,
1535 1812 1615 1855 cum
1631 1812 1753 1859 caussa
1775 1793 1970 1881 probante;
2004 1795 2104 1880 prior
2124 1789 2291 1862 thematis

268 1915 351 1961 rum
368 1890 618 1981 probationes,
646 1912 739 1981 quae
753 1913 827 1957 non
852 1888 1008 1979 possint,
1039 1910 1254 1980 quocunque
1306 1911 1390 1978 pars
1408 1900 1558 1979 occupat
1575 1892 1768 1961 secundum
1785 1893 1947 1974 axioma,
1973 1917 2053 1961 cum
2070 1917 2192 1965 caussa
2207 1918 2292 1986 pro·

269 1993 378 2062 modo
395 1990 528 2074 dictae,
554 1989 658 2060 aliter
677 1989 767 2072 dici,
796 2014 920 2059 verum
945 1990 1148 2059 dialecticae
1172 2011 1254 2079 pro·
1306 1991 1436 2072 bante,
1474 2016 1583 2081 quam
1605 1994 1821 2063 Aristotelici
1843 1996 2001 2064 medium
2023 2009 2165 2066 vocant.
2223 1996 2291 2065 llic

266 2094 431 2165 bationes
456 2095 501 2161 ab
532 2092 607 2184 ipsa
640 2104 767 2161 natura
801 2092 852 2161 sic
882 2092 986 2164 nobis
1015 2091 1254 2182 praescriptae
1306 2115 1393 2160 vero
1409 2094 1520 2175 ordo,
1545 2085 1620 2162 nt'a
1643 2108 1771 2164 natura
1794 2098 2033 2187 praescriptus
2054 2110 2126 2182 est,
2159 2099 2206 2166 ita
2229 2122 2290 2168 ne·
2380 2147 2386 2156 .

269 2209 371 2280 sunt,
405 2207 464 2278 ut,
489 2197 587 2287 quod
605 2197 648 2262 ad
666 2206 958 2284 argumentorum
973 2196 1128 2262 formam
1146 2191 1254 2283 perti·
1306 2194 1478 2263 cassarius
1493 2206 1561 2277 εει,
1588 2208 1623 2263 et
1645 2196 1830 2267 immutari
1853 2202 1996 2290 nequit,
2030 2214 2153 2294 estque
2173 2201 2290 2270 omnis

268 2310 351 2379 net,
386 2297 519 2366 mutari
540 2297 640 2366 nullo
663 2308 768 2387 pacto
791 2308 936 2388 queant.
1003 2295 1120 2387 Quem
1147 2294 1253 2387 syllo·
1279 2329 1282 2392 Ι
1306 2296 1530 2387 syllogismus
1547 2299 1818 2391 consequentia,
1845 2314 1885 2369 ut
1905 2315 2055 2384 vocant,
2079 2304 2291 2372 necessaria.

267 2400 464 2489 gismorum
499 2424 603 2469 usum
636 2398 774 2467 utinam
808 2392 1124 2486 deprehendissent
1152 2392 1282 2468 sclao-i
1381 2464 1390 2479 ,
1564 2464 1573 2480 ,
1872 2467 1881 2482 .
1949 2447 1959 2460 ,.

267 2502 343 2583 lae,
383 2511 418 2569 et
442 2504 689 2581 ostenderent,
728 2499 932 2592 quicunque
957 2510 1136 2578 oratores,
1177 2509 1252 2566 tum
1279 2471 1282 2544 i
1307 2463 1422 2557 Q¹¹¹d
1449 2462 1500 2533 M·
1527 2463 1684 2533 C¹⁰⁰⁸⁰
1711 2466 2025 2585 ⁵y¹¹⁰8¹⁸P¹J¹¹¹
2059 2484 2207 2554 mel,
2250 2484 2292 2541 el

268 2624 401 2683 meros,
425 2614 499 2671 tum
517 2597 725 2693 prophanos
739 2612 928 2682 enarrant,
952 2611 993 2668 nt
1007 2597 1160 2690 spectari
1172 2621 1254 2689 pos·
1279 2607 1282 2662 ζ
1557 2569 1780 2658 q¹¹⁰¹¹¹⁰d⁰
1807 2570 2044 2639 ⁰⁰¹1f¹⁶¹³h

269 2715 348 2774 sent
375 2704 594 2774 necessariae
627 2716 661 2770 ει
694 2701 918 2773 inviolabiles
947 2696 1145 2770 thematum
1170 2711 1282 2800 pro-g
1408 2698 1523 2768 Velim
1554 2703 1741 2773 artificium
1773 2707 1992 2778 dialecticum
2027 2734 2106 2778 cum
2138 2706 2292 2780 rhetori·

268 2805 442 2876 bationes.
492 2805 617 2899 Neque
633 2805 741 2873 modo
757 2804 808 2874 sic
824 2802 954 2874 eruditi
974 2803 1166 2894 colligunt,
1193 2814 1255 2872 ant
1279 2815 1282 2918 q
1301 2800 1355 2870 cis
1382 2800 1432 2869 ita
1464 2824 1605 2892 semper
1633 2810 1854 2898 comparari,
1893 2824 1934 2880 nt
1956 2825 2176 2901 spectaretur
2196 2813 2290 2882 idem

268 2906 540 2978 ratiocinantur.
591 2907 661 2976 Sed
681 2920 716 2975 et
736 2931 867 2997 pueros
890 2919 925 2976 ει
947 2906 1074 2976 idiotas
1096 2906 1171 2995 ipsa
1191 2905 1254 2972 do·
1279 2931 1282 3014 q
1306 2926 1381 2973 esse
1406 2904 1506 2985 linis,
1544 2904 1710 2999 idemque
1741 2934 1824 2980 usus
1847 2908 2047 2983 thamim
2071 2915 2293 2985 30115312015.

270 3022 325 3080 cet
340 3023 468 3079 natura
491 3008 711 3078 ratiocinari.
762 3009 793 3078 Ε
820 3032 974 3101 quorum
997 3031 1059 3076 ore
1082 3006 1253 3077 iudicium
1279 3031 1281 3100 ς
1306 3028 1379 3074 cae.
1431 3004 1552 3095 Quare
1569 3021 1605 3076 et
1620 3004 1781 3080 hocloco
1800 3013 1914 3083 usum
1931 3030 1984 3086 est
2006 3014 2095 3085 mihi
2117 3020 2291 3101 conlerre,

268 3112 464 3206 syllogismi
479 3125 571 3203 pete,
588 3135 662 3181 non
679 3110 864 3181 erancidis
876 3110 1142 3208 dialecticorum
1157 3133 1254 3178 com·
1279 3103 1281 3140 ³
1306 3130 1398 3199 quae
1418 3109 1462 3176 dc
1482 3108 1695 3199 syllogismis
1717 3116 1762 3182 ab
1777 3116 2012 3187 aristotelicis
2035 3120 2175 3208 prodita
2196 3130 2291 3203 sunt,

267 3214 464 3285 mentoriis.
516 3213 562 3283 Et
577 3213 732 3306 primum
753 3213 898 3308 quidem
921 3210 1146 3305 syllogismus
1171 3234 1254 3303 pro-
1278 3253 1281 3279 t
1306 3233 1387 3277 cum
1409 3208 1472 3290 iis,
1506 3234 1598 3301 quae
1622 3225 1705 3282 sunt
1726 3217 1821 3307 apud
1838 3217 1999 3288 Marcum
2020 3219 2227 3289 Ciceronem
2252 3221 2291 3291 in

269 3319 368 3387 batio
394 3316 543 3388 alicuius
568 3315 734 3387 thematis
763 3329 833 3398 est,
866 3317 1016 3407 proinde
1037 3310 1157 3383 thema
1182 3313 1254 3404 pri·
1278 3284 1281 3391 i
1304 3310 1406 3379 libris
1433 3313 1477 3379 de
1509 3310 1737 3399 inventione,
1777 3318 1862 3387 item
1892 3324 1987 3411 apud
2009 3322 2218 3417 Fabium⁴⁴)
2247 3326 2290 3394 de
2384 3327 2395 3340 '

270 3446 367 3490 mum
385 3420 507 3489 animo
532 3420 701 3510 concipe,
725 3419 824 3509 quod
846 3428 1058 3506 argumento
1084 3416 1254 3506 probatu·
1278 3398 1282 3557 i
1304 3408 1576 3504 Epicheremate
1608 3415 1701 3486 libro
1729 3420 1868 3512 quinto.
1933 3422 1981 3491 Et
2006 3426 2112 3515 plane
2138 3427 2291 3516 reipsa,

269 3546 330 3592 rus
345 3546 401 3604 es,
427 3522 565 3614 eritque
587 3519 802 3612 syllogismi,
827 3541 933 3610 quem
957 3518 1182 3586 confecturus
1204 3541 1253 3598 es,
1279 3572 1282 3581 .
1305 3539 1387 3584 cum
1402 3514 1452 3585 M.
1470 3514 1653 3605 Ciceroni,
1673 3532 1748 3588 tum
1768 3522 1882 3591 Fabio
1903 3526 2088 3596 nobiscnm
2112 3529 2291 3618 convenit,
2380 3588 2384 3594 .
2434 3558 2447 3577 ·

269 3623 460 3694 conclusio.
525 3621 642 3711 Vulgo
665 3620 728 3713 qui
750 3619 975 3712 syllogismos
996 3620 1169 3688 conticere
1191 3621 1255 3687 do·
1279 3601 1282 3691 i
1307 3618 1371 3686 etsi
1388 3617 1504 3687 verbis
1516 3618 1683 3690 nonnihil
1701 3646 1720 3689 a
1737 3637 1861 3694 nostro
1881 3653 1946 3697 usu
1968 3630 2134 3711 rensotis,
2162 3629 2291 3699 discre-

270 3737 369 3807 cent,
394 3748 469 3793 non
488 3726 685 3793 admonent
707 3746 726 3791 e
749 3718 964 3792 thematibus
990 3722 1189 3802 ducendos,
1218 3720 1255 3788 id
1278 3730 1282 3761 ¹
1305 3743 1393 3810 pare
1424 3720 1599 3792 videatur.
1661 3724 1778 3794 Verba
1813 3727 1908 3810 eius,
1948 3731 1978 3799 si
2010 3732 2090 3823 quis
2120 3733 2291 3824 requiret,

270 3830 368 3923 quod
388 3827 542 3895 maxime
565 3827 761 3908 referebat,
787 3825 858 3894 sint
872 3847 957 3915 crgo
972 3819 1147 3894 themata:
1181 3821 1254 3891 Vo·
1278 3893 1282 3925 :
1306 3823 1504 3892 subiiciam.
1581 3823 1926 3915 Ratiocinatio,
1975 3849 2028 3903 εει
2071 3835 2208 3916 oratio,
2248 3857 2291 3902 ex

269 3932 388 4021 luptas
402 3932 496 3999 bona
514 3942 578 4012 εει,
605 3928 751 3998 Clodius
768 3927 845 3997 iure
866 3951 989 3998 caesus
1005 3941 1070 4011 εει,
1096 3925 1254 3995 Mundus
1279 3960 1281 3966 ι
1305 3924 1383 4014 ipsa
1405 3946 1444 3993 re
1467 3928 1651 4016 probabile
1676 3929 1810 4022 aliquid
1834 3933 1997 4016 eliciens,
2030 3937 2128 4028 quod
2154 3935 2291 4025 exposi-

269 4032 495 4125 providentia
517 4032 665 4123 regitur.
716 4030 860 4120 Singula
879 4029 1026 4121 singulis
1042 4029 1254 4123 syllogismis
1278 4028 1281 4107 j
1307 4039 1404 4108 tum,
1437 4039 1472 4095 et
1495 4053 1617 4119 perse
1644 4034 1846 4122 cognitum,
1885 4061 1946 4104 sua
1974 4062 2011 4106 se
2035 4039 2071 4103 vi
2093 4050 2128 4106 et
2150 4039 2290 4107 ratione

270 4133 563 4229 probaturus⁴⁸),
602 4156 761 4203 caussam
784 4157 952 4226 quaeres,
994 4146 1055 4201 aut
1084 4130 1253 4200 iudicium
1279 4164 1281 4213 3
1307 4132 1503 4199 confirmet.
1555 4131 1631 4200 Hoc
1651 4136 1695 4202 de
1718 4158 1845 4223 genere
1868 4139 1930 4230 qui
1952 4138 2155 4227 diligentius
2175 4139 2291 4208 consi·

271 4239 522 4331 quodcunque,
540 4260 650 4328 quare
671 4235 941 4325 voluptasbona
956 4235 1021 4316 sit,
1048 4257 1158 4327 quare
1173 4232 1255 4302 Clo-
1279 4286 1282 4331 1
1306 4232 1504 4300 derandum
1521 4246 1756 4322 putaverunt,
1784 4240 1974 4307 cumidem
1999 4239 2036 4306 in
2060 4265 2127 4309 usu
2149 4240 2292 4308 dicendi

270 4343 351 4410 dius
377 4340 453 4409 iure
479 4363 600 4409 caesus
621 4340 686 4420 sit,
720 4361 870 4430 eamque
891 4361 1050 4407 caussam
1074 4361 1153 4404 cum
1181 4330 1255 4403 the-
1280 4412 1281 4417 ἵ
1306 4345 1557 4426 sequerentur,
1582 4338 1727 4426 paulum
1744 4339 1781 4406 in
1795 4342 2036 4431 praecipiendi
2056 4342 2196 4409 ratione
2220 4342 2290 4411 dis-

272 4441 376 4511 mntis
400 4433 598 4533 posterior'e
619 4452 720 4531 parte
745 4464 806 4509 seu
832 4441 1058 4530 praedicato,
1098 4438 1253 4528 primum
1279 4516 1281 4535 Σ
1307 4450 1504 4508 senserunt.
1554 4438 1645 4507 Nam
1664 4442 1794 4529 partim
1814 4442 1972 4534 quinque
1989 4443 2063 4511 eius
2077 4457 2196 4533 partes
2216 4468 2289 4516 esse

272 4547 468 4635 producas,
510 4544 647 4636 eritque
677 4540 816 4610 axioma
841 4566 904 4612 ceu
927 4541 1126 4610 communis
1147 4564 1255 4633 quac·
1307 4540 1492 4619 dixerunt,
1530 4541 1660 4629 partim
1685 4566 1760 4610 non
1791 4545 1888 4634 plus,
1931 4569 2037 4637 quam
2072 4559 2143 4616 tres
2172 4560 2292 4637 partes

271 4650 354 4716 dam
372 4645 545 4715 sententia
570 4658 632 4714 aut
655 4668 803 4733 gnome,
837 4657 899 4713 aut
918 4645 1016 4713 locus
1044 4645 1255 4724 communis,
1280 4642 1282 4715 I
1308 4664 1410 4732 posse
1440 4639 1604 4711 distribui
1635 4655 1862 4732 putaverunt.
1921 4645 2057 4715 Eorum
2085 4662 2292 4718 controver-

272 4763 332 4833 ut,
365 4749 549 4841 Quidquid
574 4747 775 4838 appetitur,
804 4747 938 4815 honum
963 4757 1033 4825 εει;
1068 4744 1177 4814 Cuius
1202 4745 1255 4814 vis
1306 4744 1396 4814 siam
1420 4766 1494 4811 non
1516 4744 1783 4817 incommodum
1807 4748 1966 4831 videtur,
2002 4774 2082 4818 curn
2110 4765 2291 4822 utrorum-

271 4853 398 4943 repelli
413 4851 555 4931 debuit,
580 4851 611 4919 is
627 4850 702 4918 iure
719 4872 840 4920 caesus
857 4861 926 4931 est,
951 4849 1079 4917 deinde
1096 4871 1253 4916 caussam
1280 4856 1282 4938 ᾗ
1308 4870 1377 4939 que
1392 4846 1531 4915 ratione
1547 4870 1735 4938 exponere.
1786 4849 1878 4920 Nam
1895 4864 1930 4919 ει
1944 4852 2061 4921 brevis
2076 4867 2139 4936 est,
2166 4867 2202 4923 et
2217 4877 2292 4922 non

272 4950 341 5022 hoc
360 4955 535 5022 axiomate
553 4975 775 5042 expressam,
801 4974 976 5041 compone
996 4975 1076 5020 cum
1097 4950 1255 5021 sibiecto
1280 4974 1283 5037 ⁴.
1308 4950 1503 5033 eiusmodi,
1529 4964 1568 5019 ut
1585 4948 1686 5020 alteri
1702 4976 1849 5042 prorsus
1863 4950 1954 5022 nihil
1968 4954 2084 5024 dicere
2109 4969 2292 5046 putentur,

272 5080 334 5125 scu
350 5057 468 5144 priore
483 5069 585 5146 parte
600 5051 787 5135 thematis,
813 5054 860 5120 ita
878 5066 959 5143 apte
980 5067 1149 5145 sequetur
1173 5077 1256 5122 con·
1280 5040 1284 5101 ἶ
1308 5052 1457 5122 etlocus
1474 5048 1646 5122 hicnobis
1663 5053 1869 5124 indicendo
1892 5055 2038 5124 minime
2063 5058 2292 5148 negligendus

273 5157 440 5228 clusionis
457 5183 519 5228 scu
535 5157 593 5250 (ut
608 5156 733 5225 Cicero
750 5155 872 5247 vocat)
893 5154 1148 5245 complexionis
1169 5156 1257 5237 vice,
1281 5194 1284 5242 t
1309 5155 1461 5225 videtur.
1512 5155 1584 5246 Qui
1601 5168 1729 5246 putant
1750 5158 1788 5225 iu
1807 5158 1965 5252 quinque
1986 5158 2151 5228 distribui
2174 5175 2293 5251 partes

274 5255 405 5329 thema.
457 5259 554 5328 llaec
577 5260 720 5352 quidem
745 5258 940 5350 syllogismi
963 5269 1091 5325 natura
1116 5270 1186 5339 cst,
1222 5270 1257 5325 et
1281 5268 1284 5313 ἰ
1310 5270 1495 5348 oportere,
1536 5259 1637 5326 aiunt
1669 5262 1826 5350 primum
1859 5260 2072 5342 convenire,
2114 5285 2291 5351 exponere

1282 5347 1285 5369 ¹
1309 5384 1484 5429 summam
1500 5362 1830 5450 argumentationis,
1854 5366 1900 5431 ad
1914 5359 2010 5432 hunc
2024 5363 2189 5430 modum:
2217 5361 2293 5429 ble-

309 5498 357 5557 ιι)
374 5495 476 5547 annot.
495 5506 597 5559 aergo
620 5493 764 5557 subigus.
1282 5486 1286 5537 ’,
1313 5518 1516 5531 --....

309 5599 357 5658 4⁸)
375 5600 476 5649 annot.
495 5609 600 5661 nargs
623 5597 705 5647 natio
723 5593 901 5658 conponendi
918 5595 1086 5660 syllogismi.
1283 5612 1287 5637 ι
1345 5592 1396 5655 ss)
1413 5595 1476 5645 sen.
1497 5592 1610 5646 Fabio·
1626 5594 1833 5654 ostnttttrnrn.
