5125 6525
263 464 338 536 su
895 451 1254 530 cuntramnus
1279 453 1348 524 au
1373 452 1663 537 rosus-‚r
2087 403 2091 411 ’
2219 467 2294 552 ῃ,

260 636 309 706 tu
324 631 512 722 strepitum
527 642 645 699 rostro
662 642 783 717 turpes
797 627 913 694 iecere
929 625 1104 707 volucres,
1348 626 1408 685 No.
1428 622 1460 686 ⁶·
2112 653 2161 695 sn.
2177 630 2296 699 lum

313 734 361 804 Et
375 727 598 804 stomachum
617 729 730 798 movit
746 727 896 797 stridula
912 727 1016 795 turha
1034 749 1169 797 meum.
1316 705 1525 830 sse„
1552 778 1646 828 „beno
1694 777 1756 827 vids
1786 776 1808 826 1³
1843 779 1850 825 Ι
1883 730 1885 733 ’
2018 782 2024 795 ,
2118 716 2288 754 ‘⁰⁹⁸‘

260 827 363 920 lianc
378 857 489 926 vagus
503 834 646 901 infestat
662 827 816 900 Cuculus
831 830 1026 897 certamine
1042 828 1184 920 linguae
1414 848 1489 896 asse
1513 846 1609 908 unns
1642 812 1749 906 s'oeotst
1778 782 2295 922 semeliilyllnl'eiihsi'ffffiwfss

308 923 484 1022 ,fundens
499 934 621 1004 deliris
637 933 782 1001 flaccida
801 931 907 1001 verba
926 932 1054 1002 modis.
1409 917 1506 1034 ᾖξ’
1517 915 1967 1036 ἳξξᾋῑῗνῆῑηξξὲιθῑψ
1980 922 2031 969 ⁰⁶⁰·
2051 888 2151 1000 (¹⁰3
2164 926 2291 979 ¹‘f⁸¹¹0⁰‘·

264 1033 380 1126 liuius
393 1062 520 1131 spuma
537 1038 629 1108 solet
643 1059 768 1106 raucas
783 1057 953 1125 generare
969 1032 1119 1117 cicadas,
1412 1055 1483 1103 sart:
1493 1022 1610 1102 'lutosi
1626 996 1786 1101 Fideiiids
1801 989 2295 1121 adnisuifflii'ii'oi‘iihiis‘i}

316 1142 407 1213 cum
422 1142 507 1210 folia
525 1138 721 1208 immundis
761 1136 894 1206 oflujtj
921 1135 1079 1206 motis·
1413 1120 1549 1173 Osisndro
1567 1125 1750 1184 opposuerat,
1771 1133 1830 1170 cum
1845 1121 2115 1187 thtcmbergsnsss
2130 1140 2229 1190 praece
2247 1135 2294 1181 to.

222 1195 234 1226 ‘
735 1161 760 1227 p
896 1160 919 1227 Ρ
1412 1201 1460 1238 res
1478 1201 1509 1239 se
1524 1189 1679 1254 languidius
1696 1189 1833 1239 ostandro
1851 1195 2036 1252 opponerent,
2055 1196 2082 1242 et
2094 1197 2195 1262 aliter,
2212 1146 2294 1262 qiisn

264 1243 383 1334 lungit
399 1267 435 1312 se
451 1243 616 1311 comitem
633 1239 797 1310 stridenti
813 1238 973 1307 carmine
987 1238 1124 1319 Gallus,
1413 1258 1600 1314 utscimoret,
1615 1270 1673 1307 ren
1687 1257 1748 1320 gen
1762 1259 1886 1307 vireret:
1904 1257 2106 1312 vroustsvtsn
2117 1267 2244 1329 secessu,
2261 1280 2295 1318 so

318 1345 514 1416 'saphan-ix
528 1344 688 1435 ppacidae
702 1364 832 1432 nempe
850 1341 979 1434 quietis
997 1340 1083 1409 avis.
1413 1326 1742 1388 prorsossdronttflotos
1757 1326 1908 1379 deiecta·
1926 1330 2006 1379 costi.
2019 1343 2104 1392 supra
2117 1334 2295 1394 pullu-m,
2368 1338 2371 1348 ¹

265 1447 314 1517 Et
330 1449 457 1540 procul
473 1448 666 1514 innocuum
685 1444 812 1536 pennis
828 1467 864 1513 se
880 1439 974 1510 tollit
989 1446 1027 1511 in
1044 1437 1197 1523 hostem,
1560 1433 1714 1519 Eleps'a
1747 1434 1797 1499 de
1830 1435 2057 1520 Staphyla.

303 1551 474 1666 'sueque
490 1570 570 1616 cnm
586 1558 761 1638 nequeat,
785 1544 905 1613 Marte
917 1567 1046 1614 nocere
1063 1543 1170 1635 cupit.
1304 1548 1338 1622 ‘A
1356 1546 1535 1647 σταφυλὶς
1550 1545 1685 1642 asapia
1699 1548 1813 1637 ἔσται,
1832 1545 1895 1619 καὶ
1908 1544 2020 1642 ῥόδον
2037 1545 2132 1624 αὖον
2147 1552 2295 1644 ὀλεῖται,

266 1650 359 1718 Hinc
376 1652 561 1719 immunda
576 1672 658 1718 suas
678 1672 821 1741 quoque
836 1648 991 1716 conserit
1004 1647 1135 1736 Upupa
1151 1645 1257 1727 vires,
1360 1652 1407 1719 Et
1421 1677 1501 1720 rosa
1519 1645 1623 1718 mane
1639 1651 1753 1740 viget,
1781 1653 1937 1717 numida
1956 1666 2060 1720 nocte
2076 1657 2182 1727 cadit,

317 1752 448 1842 Upupa
465 1751 679 1821 stercoribus
695 1772 837 1839 semper
853 1750 963 1816 odora
981 1748 1064 1819 suis.
1308 1752 1393 1822 Vidi
1408 1776 1474 1843 ego
1491 1777 1555 1821 ceu
1569 1753 1662 1822 lauri
1679 1774 1825 1842 germen
1842 1752 1970 1820 florere
1987 1753 2197 1845 malignum,

266 1854 361 1925 Hinc
374 1852 513 1922 Merula
532 1851 684 1943 impellit
698 1852 831 1921 calidas
848 1851 888 1919 in
902 1851 1014 1941 iurgia
1036 1862 1184 1932 mentes,
1279 1920 1285 1942 ‚
1358 1855 1584 1924 Praeterieris
1596 1877 1710 1945 parvo
1727 1866 1889 1944 tempore
1904 1877 2060 1946 quaero,
2083 1856 2161 1929 luit.

298 1956 468 2026 Pectore
483 1956 584 2046 nigra
601 1977 686 2035 suo,
713 1977 801 2022 voce
816 1954 967 2043 superba
984 1975 1060 2023 sua.
1308 1958 1366 2027 Sic
1380 1957 1446 2026 etsi
1462 1957 1592 2025 celebri
1605 1958 1733 2045 florere
1747 1955 1880 2025 videris
1892 1956 1931 2022 in
1949 1957 2042 2038 aula,

267 2060 326 2130 ‘1¹11
343 2077 487 2152 quoque
502 2057 725 2127 vocclurens
741 2056 944 2145 clangorem
967 2054 1078 2124 mittis
1093 2054 1230 2145 ocyor,
1358 2056 1599 2153 O‘staphyte,
1626 2070 1661 2127 et
1678 2056 1803 2150 Cynici
1822 2060 1989 2148 dogmata
2004 2059 2090 2130 falsa
2106 2062 2205 2133 seris.
2285 2097 2288 2110 =

289 2244 293 2251 Ι
319 2159 465 2252 Consita
481 2184 571 2253 qnae
581 2157 701 2264 ¹multo
717 2159 811 2249 pisce
827 2156 958 2225 fluenta
979 2157 1075 2225 colis.
1308 2160 1468 2255 Diraque
1486 2186 1583 2232 nunc
1597 2160 1727 2231 sanctis
1743 2156 1877 2229 Christi
1893 2160 2070 2233 minitaris
2084 2164 2248 2247 alumnis,

268 2262 385 2367 Quem
404 2255 492 2363 mihi
510 2260 721 2362 speslfuerat
734 2260 832 2352 pacis
847 2258 978 2329 sarcire
991 2257 1136 2335 ruinam
1358 2262 1405 2332 Et
1417 2264 1519 2334 hiriis
1534 2264 1660 2355 imples
1678 2264 1786 2330 corda
1803 2262 1918 2329 aliena
1937 2263 2018 2332 tuis.

296 2367 300 2378 '
320 2364 470 2436 Censuit
485 2364 521 2431 in
537 2363 632 2433 rixas
646 2362 822 2451 fragmina
839 2360 922 2429 trita
941 2384 1064 2430 novas.
1308 2363 1394 2434 lnde
1409 2377 1533 2435 tamen
1545 2365 1658 2434 victus
1677 2363 1798 2431 divina
1815 2387 1902 2432 voce
1916 2357 2056 2435 iacebis.

266 2469 456 2566 improbus
468 2466 654 2557 Agricolae
671 2465 812 2534 fumoso
827 2462 970 2555 Gryllus
987 2462 1024 2534 in
1041 2473 1146 2530 antro
1281 2474 1285 2507 ¹
1312 2553 1314 2558 Α
1360 2464 1529 2538 Crudeles
1545 2467 1662 2536 obitus
1676 2465 1808 2557 impius
1824 2465 1941 2533 omnis
1957 2460 2075 2535 habet.

277 2643 286 2652 ,
319 2567 423 2645 Hanc
438 2592 581 2662 quoque
597 2565 763 2657 stridenti
777 2589 863 2635 voce
877 2563 1016 2648 lacessit
1030 2587 1144 2632 avem.
1238 2655 1241 2660 ι
1280 2514 1414 2661 lignea
1433 2581 1649 2639 marcentem
1666 2580 1701 2636 te
1719 2566 1877 2637 numinis
1892 2568 2018 2636 obruet
2037 2569 2102 2653 ira,
2186 2632 2188 2636 ,

268 2672 343 2745 Nec
355 2667 554 2740 Philomela
572 2692 655 2739 suae
673 2665 792 2736 differt
809 2666 1052 2735 modulamina
1069 2665 1225 2756 linguae,
1281 2664 1285 2739 ἶ
1360 2669 1411 2739 Ut
1424 2673 1520 2763 perit
1533 2696 1553 2740 a
1568 2670 1661 2742 solis
1674 2672 1767 2740 victa
1783 2669 1901 2739 calore
1916 2692 2010 2740 rosa.

276 2845 285 2852 ,
321 2774 389 2852 Sed
405 2773 541 2865 spargit
555 2770 655 2840 vario
671 2771 795 2858 nuntia
813 2770 904 2851 laeta
921 2792 1022 2839 sono.
1253 2831 1256 2836 .
1280 2746 1286 2868 l
1309 2777 1366 2844 An
1383 2797 1457 2845 non
1474 2798 1492 2843 a
1510 2798 1641 2868 magno
1656 2774 1718 2865 qui
1736 2794 1870 2841 nomen
1884 2766 2037 2863 habebat
2053 2767 2130 2840 lulo

269 2878 321 2948 Ac
336 2878 483 2945 adversa
501 2873 562 2966 pio
578 2872 688 2941 vincit
704 2871 794 2939 mala
814 2872 921 2940 corde
937 2872 1096 2952 ferendo,
1359 2875 1517 2961 Floruit,
1536 2891 1579 2949 et
1591 2875 1695 2946 laesit
1710 2875 1816 2969 vique
1830 2872 1992 2966 dolisque
2012 2871 2116 2963 pios?

320 2979 425 3049 Pacis
440 3001 562 3047 amans
577 2976 683 3065 vulgo
700 2975 815 3043 iudice
831 2985 970 3063 spretus
987 2973 1065 3042 erit.
1308 2976 1450 3049 Floruit
1465 2992 1499 3048 et
1513 3004 1616 3051 causa
1635 2980 1778 3047 tandem
1802 2976 1962 3045 devictus
1977 2989 2012 3044 et
2027 2975 2137 3044 armis

270 3083 375 3152 Talia
393 3083 477 3151 dum
496 3103 603 3150 cerno
619 3076 740 3167 peragi
756 3076 955 3167 spectacula
973 3075 1093 3156 tanin,
1282 3090 1285 3145 ζ
1359 3080 1456 3151 Dum
1470 3081 1579 3165 iacet,
1605 3093 1640 3149 et
1658 3103 1801 3171 sparsus
1818 3079 1964 3146 vulnere
1981 3077 2124 3166 sanguis
2143 3076 2233 3144 abit:

319 3185 512 3277 Alloquor:
542 3207 563 3247 o
580 3178 751 3260 volucris,
778 3173 973 3272 quaemihi
990 3177 1065 3247 sola
1085 3176 1219 3266 places:
1282 3260 1284 3264 y
1308 3180 1436 3253 Vicisti
1451 3183 1610 3253 Calileae
1623 3183 1753 3262 refert,
1779 3178 1886 3248 simul
1913 3178 1979 3245 ivit
1999 3179 2042 3244 ad
2060 3177 2193 3245 Orcum

270 3289 369 3382 Quas
385 3285 469 3367 tibi,
494 3310 582 3379 quas
603 3282 666 3349 tali
687 3282 834 3350 reddam
856 3304 922 3370 pro
943 3279 1101 3347 carmine
1116 3277 1257 3367 grates?
1282 3332 1284 3339 .
1359 3285 1495 3355 Umbra
1512 3309 1677 3378 gemens,
1702 3305 1837 3377 poenas
1852 3292 1887 3348 et
1902 3281 1977 3350 sine
1994 3282 2065 3349 line
2079 3280 2157 3349 luit.

321 3391 353 3459 A
367 3389 492 3459 scrolsc
507 3396 718 3475 conservent
732 3382 793 3450 Dii
820 3395 880 3450 lua
906 3382 1064 3449 membra
1080 3380 1155 3448 diu·
1280 3390 1284 3454 i
1308 3384 1370 3455 lile
1388 3390 1534 3458 domum
1554 3389 1648 3457 hello
1662 3385 1843 3454 rediturus
1857 3385 1982 3453 funera
2001 3383 2113 3463 vovit,

271 3494 325 3562 Te
336 3512 481 3581 semper
497 3512 576 3557 mea
593 3486 665 3553 vita
681 3506 829 3576 sequar,
854 3481 920 3550 libi
937 3484 1013 3552 luce
1032 3482 1174 3551 canenti
1281 3574 1284 3579 ,
1359 3490 1429 3558 Sed
1442 3492 1557 3581 perit,
1583 3502 1618 3558 et
1631 3488 1726 3557 bello
1748 3509 1823 3555 non
1837 3484 1931 3554 redit
1946 3484 2006 3553 illc
2020 3487 2182 3553 domum.

320 3593 521 3662 Tendimus
538 3586 603 3658 has
617 3610 739 3668 aures,
766 3597 902 3653 caetera
928 3587 1031 3654 turba
1050 3586 1139 3653 vale.
1281 3620 1285 3628 ¹
1309 3590 1382 3683 Qui
1399 3590 1523 3662 dicunt
1536 3593 1639 3661 aliter
1654 3590 1731 3658 veri
1748 3613 1854 3682 quam
1875 3587 2014 3656 conscia
2031 3609 2132 3656 mens
2150 3596 2214 3670 est,

272 3699 389 3792 Quem
404 3706 464 3762 tua
481 3716 554 3760 non
571 3702 713 3780 captum
732 3686 820 3754 mira
840 3711 909 3755 vox
923 3687 1058 3756 detinet
1075 3698 1163 3767 arte,
1357 3693 1552 3765 Accessum
1565 3693 1676 3765 furias
1690 3692 1727 3759 in
1744 3716 1806 3762 sua
1820 3691 1892 3757 fata
1908 3713 2045 3781 graves.

323 3797 415 3865 Huic
429 3795 553 3864 Cuculi
568 3802 732 3861 numeret
747 3802 908 3880 tempora
923 3792 1028 3879 longa
1049 3813 1169 3859 sonus.
1309 3790 1367 3865 Sic
1384 3797 1521 3888 crepuit
1538 3798 1635 3888 tigno
1652 3797 1737 3864 dum
1753 3792 1934 3884 rumpitur
1955 3790 2015 3859 ilia
2030 3788 2147 3876 ludas,

273 3901 433 3989 Tempus
444 3898 511 3966 erit
524 3896 689 3965 rabidum
700 3891 1258 3987 quandoCanisexcitataestum,
1280 3851 1286 3975 l
1359 3899 1482 3969 Poena
1500 3901 1598 3970 venit
1610 3897 1774 3988 gravior,
1802 3917 1874 3988 quo
1892 3918 1993 3984 mage
2009 3918 2088 3964 sera
2104 3891 2214 3975 venit,

324 4002 428 4069 Tunc
449 4012 609 4068 metuens
626 4000 742 4087 ignem
760 3995 890 4062 cortice
908 3997 1066 4062 membra
1085 4006 1190 4084 teget,
1309 4003 1437 4093 Aspice
1453 4004 1592 4093 mugitu
1607 4001 1799 4068 Latomum
1816 3999 1881 4067 sub
1896 4009 2013 4065 morte
2027 3997 2210 4078 fatentem,

274 4104 387 4174 Stulta
404 4103 497 4169 leves
512 4101 659 4191 capiunt
672 4097 825 4180 animos,
841 4120 902 4166 sua
921 4098 1046 4190 cuique
1065 4096 1176 4164 libido
1194 4105 1259 4177 est,
1361 4104 1406 4173 se
1421 4129 1566 4198 quoque
1581 4105 1756 4174 iustorum
1772 4099 1955 4189 sanguinis
1970 4122 2044 4167 esse
2062 4122 2176 4168 reum.

326 4205 450 4274 Utrem
471 4226 535 4292 pro
553 4197 698 4294 cythara
716 4201 846 4288 gaudet
859 4193 990 4268 habere
1006 4197 1134 4268 Midas.
1282 4236 1288 4318 q
1311 4206 1369 4275 Tu
1383 4231 1527 4300 quoque
1542 4206 1604 4301 qui
1620 4206 1726 4273 flores
1740 4204 1813 4271 lato
1829 4199 2002 4286 marcehis
2017 4199 2158 4284 acerbo,

1361 4308 1565 4379 Successum
1583 4307 1747 4400 impietas
1760 4303 1870 4374 nescit
1884 4298 2017 4372 habere
2033 4298 2106 4368 diu.

1284 4328 1289 4459 l
1312 4413 1381 4485 Sed
1396 4434 1464 4483 nos
1478 4408 1617 4482 Christe
1634 4412 1743 4488 doce,
1763 4408 1929 4499 viresque
1944 4401 2154 4473 vocantibus
2169 4401 2271 4482 adde,

1285 4462 1290 4594 l
1365 4515 1510 4583 Floreat
1525 4527 1670 4581 aeterno
1687 4534 1820 4578 nomen
1837 4505 1975 4576 honore
1990 4519 2105 4574 tuum.

1100 4790 1473 4810 ..mue-m

1049 5047 1087 5111 ll.
1130 5044 1517 5110 PRAEFATlONllS.

404 5205 598 5263 Melanthonis
620 5204 870 5272 praefationibus,
893 5219 969 5281 quae
990 5202 1070 5258 inter
1090 5203 1228 5278 epistolas
1249 5207 1280 5261 in
1302 5201 1383 5258 Voll.
1408 5196 1513 5257 l-X
1535 5199 1692 5273 leguntur,
1725 5209 1847 5272 praeter
1868 5192 1952 5264 illas,
1973 5207 2045 5268 quas
2068 5190 2097 5245 is
2120 5186 2200 5243 Voll.
2222 5181 2292 5242 xvi

277 5289 407 5348 —XlX.
430 5301 461 5346 et
481 5291 510 5346 in
533 5289 588 5349 boe
610 5289 677 5347 Vol.
699 5287 762 5347 XX
784 5288 843 5346 ianr
865 5286 1000 5361 exhibui,
1020 5286 1177 5346 addendae
1190 5285 1394 5363 suntaliqoor.
1436 5285 1608 5360 Priusquam
1622 5299 1693 5339 vero
1707 5279 1746 5338 ad
1763 5279 1815 5337 las
1830 5279 1907 5356 ipsas
1921 5274 2112 5354 progredior,
2132 5270 2297 5346 Georgii

275 5373 473 5436 Theodori
498 5373 584 5432 Stro
597 5374 706 5446 belii,
730 5374 775 5431 Cl.
797 5372 860 5430 Viri
880 5371 919 5429 de
941 5371 1138 5430 Melanthonis
1159 5373 1242 5433 libris
1264 5373 1375 5448 optime
1397 5366 1512 5444 meriti,
1535 5369 1640 5426 librum
1664 5366 1827 5439 ineditum,
1859 5364 1939 5420 cuins
1960 5359 2163 5436 sumprsplmn
2183 5374 2202 5413 a
2221 5353 2292 5410 Viro

275 5479 387 5521 summe
408 5457 574 5518 reverendo
594 5458 787 5535 Fircltegstt
808 5458 972 5516 Christiano
994 5456 1107 5532 Fulds,
1127 5454 1402 5534 Superintsnderte
1423 5454 1560 5531 flatemi,
1582 5454 1652 5510 mihi
1671 5451 1863 5525 amicissimo,
1886 5449 1937 5525 qni
1959 5445 1990 5507 d.
2012 5440 2066 5504 30.
2089 5441 2183 5518 April.
2204 5440 2235 5496 ls.
2255 5457 2295 5515 s.,

276 5545 327 5608 86.
350 5564 427 5603 anno
449 5544 552 5602 aetatis
582 5544 658 5601 diens
690 5554 855 5601 extremum
883 5542 972 5616 obiit,
998 5559 1056 5598 una
1084 5560 1150 5598 cum
1178 5544 1290 5620 aliquot
1310 5540 1506 5601 Melanthonis
1533 5552 1621 5616 etque
1651 5535 1789 5595 Strobelii
1820 5533 1955 5610 epistolis
1983 5539 2052 5587 ante
2080 5535 2205 5602 quatuor
2230 5522 2296 5581 sere

278 5650 369 5689 annos
390 5630 465 5689 dono
488 5629 605 5706 accepi,
626 5626 797 5687 describam.
842 5625 896 5687 llic
917 5626 992 5685 liber
1014 5626 1053 5685 sic
1075 5627 1236 5705 inscriptus,
1257 5637 1325 5686 est:
