5125 6525
864 412 989 489 eurr.
1015 413 1129 488 ura.
1153 411 1359 527 schiera
1379 414 1734 488 ruuorocrca..

492 688 722 765 NOMINA
762 687 1181 804 MENSURARUM
1212 685 1287 757 ΕΤ
1322 686 1638 759 VOCABULA
1673 688 1767 760 aul
1800 690 2109 763 NUMAIMAE

861 819 1090 887 AUCTORE
1111 817 1354 919 ,ruttttl’o
1385 821 1735 888 MELANTHONE.

460 979 684 1085 Nomina
720 1002 1093 1067 mensurarum.

371 1112 555 1184 sextarius
584 1115 623 1182 in
652 1111 864 1207 myropoliis
895 1106 1012 1180 adhuc
1043 1110 1081 1178 in
1108 1135 1176 1180 usu
1202 1124 1266 1182 est.

270 1214 450 1285 Convenit
472 1228 589 1286 antem
613 1241 691 1286 cum
717 1239 756 1284 ea
778 1238 968 1296 mensura,
995 1238 1087 1307 quae
1105 1212 1266 1287 Witten-

269 1319 399 1407 hergae
429 1320 560 1387 dicitur
590 1320 647 1389 ein
681 1320 824 1397 Nossel;
864 1319 925 1386 sed
955 1318 1116 1387 continet
1147 1317 1265 1387 minus

254 1435 397 1514 «quarta
418 1423 491 1490 lere
507 1435 608 1513 parte
628 1423 726 1492 eines
739 1420 894 1492 Nossels.

372 1524 554 1595 Sextarius
572 1528 661 1596 duas
679 1521 843 1594 heminas
863 1522 1022 1591 continet
1039 1547 1102 1593 seu
1116 1524 1264 1596 cotulas.

424 1627 592 1711 Hemina,

426 1730 569 1814 Cotula,

423 1830 671 1915 Acetabulum,

371 1933 553 2006 Sextarius
593 1935 781 2007 duodecim
825 1930 972 2030 cyathos
1005 1935 1186 2020 continet,
1225 1935 1263 2004 iu

270 2060 361 2131 quos
384 2063 464 2105 eum
476 2040 507 2133 ¹)
528 2038 708 2123 Romani,
738 2053 910 2133 tanquam
937 2065 1048 2109 assem
1074 2040 1111 2107 in
1139 2039 1263 2109 uncias

267 2140 537 2211 distribuerunt.
573 2143 631 2212 Sic
647 2145 891 2234 accipiendum
908 2156 959 2213 est
976 2144 1062 2211 illud
1084 2134 1264 2241 [Martial.

267 2240 393 2332 Epigr.
409 2241 436 2326 Ι,
453 2241 554 2342 72.];
589 2246 722 2316 Naevia
747 2271 806 2316 sex
827 2242 982 2338 cyathis,
1008 2260 1143 2336 septem
1161 2243 1263 2315 lusti-

220 2353 227 2366 ‘
267 2344 354 2440 na¹)
378 2347 543 2427 bibatur„
587 2348 678 2419 Nam
701 2361 755 2418 tot
770 2343 917 2441 cyathos
934 2350 1105 2417 bibebant
1123 2350 1159 2416 in
1177 2373 1262 2417 con-

268 2449 391 2529 viviis,
420 2465 508 2543 quot
525 2452 649 2519 literae
665 2464 767 2519 erant
782 2454 817 2517 in
838 2452 993 2521 amasiae
1010 2452 1168 2522 nomine.
1215 2451 1262 2519 Et

268 2548 461 2620 Suetonius
485 2554 542 2643 [iu
558 2553 630 2621 vita
648 2554 741 2644 Aug.
758 2579 786 2623 e.
803 2548 870 2651 77]
892 2554 1034 2637 scribit,
1062 2554 1260 2644 Augustum

266 2654 412 2721 solitum
431 2678 536 2724 senos
552 2669 728 2726 sextantes
744 2655 876 2738 bibere,
903 2658 939 2725 id
959 2670 1029 2739 est,
1056 2659 1262 2727 sextarium.

266 2754 359 2825 Nam
395 2770 536 2827 sextans
569 2762 659 2828 duos
693 2756 841 2852 cyathos
868 2760 1047 2843 continet,
1090 2771 1261 2855 tanquam

267 2858 356 2928 duas
377 2860 513 2929 uncias.

371 2958 529 3048 Congius
551 2987 610 3032 sex
634 2962 807 3033 sextarios
832 2963 1010 3046 continet,
1044 2957 1107 3033 seu
1127 2966 1262 3035 duode-

266 3060 336 3130 cim
358 3058 532 3134 heruinas.

371 3164 548 3256 Congius,
569 3168 643 3236 fere
660 3168 748 3261 drey
761 3163 1035 3258 Wittenberger
1050 3167 1210 3239 kannen.

368 3266 466 3340 Chus
489 3284 571 3341 octo
593 3267 776 3356 heminas,
811 3274 1024 3367 quibusdam
1048 3275 1156 3341 etiam
1178 3297 1265 3342 con·

265 3368 343 3462 gius
362 3372 465 3470 0⁵1³).

694 1647 717 1910 l
743 1732 882 1803 aa...

317 3679 472 3749 Metreta
491 3682 609 3750 minus
623 3682 810 3775 aliquanto
826 3706 932 3776 qrram
943 3684 1002 3752 Ι80
1018 3684 1180 3755 konnen.

318 3781 462 3852 Modius
480 3783 527 3853 16
541 3785 711 3853 sextarios
729 3788 899 3854 continet.

316 3880 501 3976 Amphora
518 3888 542 3955 3
558 3886 696 3957 ruodios
704 3887 748 3981 ⁴),
774 3887 908 3957 Graece
924 3886 1056 3954 dicitur
1069 3880 1260 3983 κεράμιον.

191 4044 194 4050 .
316 3988 541 4072 Medimnus,
569 4015 629 4058 sex
645 3991 848 4087 multost),
876 3991 933 4058 ein
951 3992 1093 4060 malter.

314 4089 495 4176 Chuenix,
522 4105 678 4186 quatuor
696 4095 832 4164 cotulas
849 4120 912 4164 seu
927 4094 1016 4162 duos
1034 4091 1220 4163 sextarios.

368 4193 530 4266 Christus
553 4197 695 4287 nuptias
718 4198 754 4264 iu
771 4198 868 4268 Cana
897 4222 968 4265 non
993 4197 1091 4265 tenui
1111 4221 1259 4264 uulnere

263 4300 428 4381 ornavit,
469 4296 548 4370 cum
581 4302 704 4368 vinum
735 4303 826 4371 lecit.
895 4301 986 4371 Nam
1017 4325 1077 4370 sex
1110 4295 1259 4392 hydriae

262 4405 496 4471 continebant
513 4405 584 4473 sere
601 4430 661 4474 sex
679 4429 821 4497 eymer,
848 4404 877 4473 si
894 4403 1054 4494 singulae
1070 4404 1258 4492 capiebant

260 4502 365 4581 binas
393 4521 573 4576 metretas.
632 4507 723 4577 Nam
752 4511 844 4575 duae
870 4499 1040 4575 metretae
1066 4506 1259 4575 conficiunt

259 4605 334 4672 fere
349 4610 528 4698 sexaginta
548 4610 706 4681 kannen.
742 4611 778 4680 Si
797 4624 917 4679 exacte
934 4635 1128 4700 rnensures,
1150 4635 1258 4702 quar-

181 4744 184 4755 ·
259 4719 296 4779 ta
312 4735 416 4804 pars,
443 4727 607 4804 utsupra
626 4715 841 4805 significavi,
868 4709 1087 4782 detrahenda
1107 4713 1186 4783 erit.

404 4871 682 4957 vocabula
718 4873 799 4955 rei
837 4870 1114 4956 numarlae.

365 5003 545 5076 Drachma
578 5006 748 5096 ponderis
778 5028 910 5072 nomeu
939 5017 1012 5084 est,
1048 5026 1115 5094 eyn
1141 4999 1257 5092 quint·

259 5107 306 5180 Et
328 5113 462 5182 mansit
486 5137 524 5179 ea
547 5110 740 5200 appellatio
765 5103 937 5176 hactenus
965 5107 1001 5172 in
1033 5104 1257 5197 myropoliis,

268 5248 487 5267 --

297 5315 328 5368 1)
347 5313 423 5367 erim]
442 5309 490 5357 rto.
513 5306 587 5355 ¹588.
606 5308 666 5368 typ.
684 5316 798 5355 erraret
822 5317 885 5353 cun

294 5382 326 5433 2)
345 5380 463 5435 tusciae]
484 5378 531 5423 ted.
554 5377 627 5423 tata.
641 5382 704 5435 ,ty-u.
724 5386 836 5423 erroro:
861 5373 966 5422 tustino

295 5450 328 5506 ⁸)
347 5447 552 5503 rueretrueret
572 5446 653 5493 uuna
675 5444 767 5500 loth,
790 5442 880 5506 ibba,
903 5441 976 5490 1570.
994 5439 1113 5490 addunt:
1142 5443 1167 5490 4.
1187 5455 1256 5491 sex·

328 5519 437 5571 turicas,
459 5515 483 5562 2.
504 5515 622 5560 harrrreu.

295 5590 326 5645 ⁴)
349 5580 485 5646 reinduam]
506 5584 553 5630 Ed.
575 5582 640 5631 1555
669 5591 766 5629 errore
786 5581 862 5639 tyn:
891 5579 997 5641 modos,

294 5657 327 5715 b)
344 5657 467 5710 modios]
482 5653 535 5700 tto.
556 5650 631 5700 1531.
650 5652 710 5712 typ.
729 5660 840 5698 errore:
865 5649 970 5697 modius

1317 976 1378 1049 ubi
1395 978 1424 1048 si
1442 978 1522 1073 quis
1536 978 1632 1048 volet
1649 978 1887 1076 expendere')
1905 993 2024 1071 partes
2038 976 2164 1065 librae,
2184 981 2315 1055 drach·

1317 1107 1395 1151 mae
1413 1085 1554 1173 pondus
1571 1082 1742 1154 inveniet.
1793 1082 1883 1153 Cum
1901 1097 2019 1152 autem
2036 1081 2230 1155 drachmae
2246 1113 2313 1157 no-

1317 1210 1400 1254 rnen
1424 1187 1539 1255 solum
1563 1188 1729 1277 ponitur,
1755 1185 1862 1254 Attici
1879 1212 2021 1278 semper
2036 1188 2241 1279 intelligunt
2256 1217 2313 1259 ar-

1317 1301 1482 1379 genteum
1508 1313 1658 1359 numum
1686 1312 1729 1358 eo
1751 1293 1922 1381 pondere.
1975 1291 2158 1382 Quantum
2182 1296 2313 1377 valeat,

1316 1393 1432 1483 ipsum
1467 1395 1608 1482 pondus
1638 1393 1794 1478 indicat,
1827 1418 1896 1486 eyn
1923 1394 2027 1487 quint
2052 1396 2183 1487 sylber.
2236 1397 2318 1468 No·

1315 1519 1390 1563 noo
1412 1498 1587 1566 tradimus
1603 1497 1860 1565 exactissimam
1878 1498 2055 1566 rationem
2074 1500 2199 1587 pretii,
2225 1524 2312 1568 narn

1316 1600 1359 1667 de
1382 1593 1449 1667 hac
1470 1600 1677 1669 consulendi
1700 1611 1782 1670 suut
1797 1601 1982 1671 aurilabri.
2033 1599 2079 1669 Et
2096 1603 2209 1692 pretia
2230 1604 2312 1671 auri

1316 1715 1424 1795 atque
1461 1703 1600 1792 argenti
1635 1703 1777 1771 variant
1810 1705 2035 1797 aliquantum
2076 1699 2314 1795 temporibus.

1316 1805 1438 1874 Potest
1455 1818 1573 1874 autem
1592 1806 1675 1875 inde
1691 1803 1885 1876 drachmae
1903 1807 2057 1898 pretium
2077 1808 2271 1878 aestimari.

1419 1922 1550 1992 Decem
1567 1920 1759 1993 drachmae
1776 1927 1894 1994 valent
1909 1951 1983 1995 uno
2000 1940 2186 1997 coronato.

1396 2055 1399 2077 ¹
1418 2026 1509 2097 Octo
1527 2023 1718 2097 drachmae
1733 2030 1852 2096 valent
1866 2031 1939 2097 lere
1954 2054 2063 2098 aureo
2080 2026 2311 2124 Rhenano⁷).

1420 2129 1522 2201 Duae
1537 2132 1648 2223 igitur
1662 2128 1854 2202 drachmae
1873 2134 1992 2202 valent
2008 2135 2081 2201 lere
2097 2146 2228 2226 quarta
2249 2160 2311 2204 au-

1313 2232 1496 2325 reiparte.

1417 2336 1615 2420 Denarius,
1648 2350 1735 2407 teste
1761 2340 1880 2407 Plinio
1907 2336 2017 2436 [Hist.
2038 2338 2121 2409 Nat.
2140 2336 2233 2421 XXI,
2248 2339 2311 2410 54.

1314 2451 1400 2509 vett.
1416 2436 1548 2537 Eclitt]
1576 2440 1766 2536 prorsus⁸)
1791 2439 1984 2510 drachmae
2006 2443 2144 2510 Atticae
2168 2448 2311 2533 pondus

1315 2537 1435 2612 habet.
1484 2543 1644 2613 Proinde
1666 2547 1798 2637 ubique
1808 2546 1839 2633 ⁹)
1864 2545 1901 2612 io
1924 2542 2071 2615 historia
2090 2547 2203 2614 veteri
2221 2547 2311 2615 scias

1314 2642 1523 2715 drachmam
1549 2660 1584 2716 et
1604 2648 1790 2716 denarium
1815 2647 1908 2716 idem
1933 2649 2153 2739 significare,
2178 2662 2214 2716 et
2232 2664 2311 2716 tau·

1314 2753 1461 2817 tundem
1487 2751 1616 2819 valere.
1672 2750 1794 2819 Altera
1819 2751 1985 2819 Romana
2012 2752 2206 2843 appellatio
2231 2753 2312 2834 luit,

1314 2853 1424 2920 altera
1442 2851 1593 2922 Graeca.

1416 2970 1558 3041 Dicitur
1577 2986 1695 3043 autem
1711 2972 1900 3058 denarius,
1927 2974 2011 3067 quia
2028 2975 2172 3043 valebat
2186 2976 2309 3042 decem

1314 3071 1462 3145 assibus.

1417 3174 1548 3244 Decem
1569 3177 1708 3245 denarii
1727 3178 1847 3247 valent
1863 3203 1936 3247 uno
1957 3192 2143 3250 coronato.

1417 3280 1509 3351 Octo
1526 3282 1662 3349 denarii
1682 3280 1802 3350 valent
1818 3285 1892 3351 lere
1907 3308 2016 3351 aureo
2036 3278 2226 3355 Rhenano.

1417 3380 1500 3453 Duo
1529 3384 1669 3453 denarii
1692 3380 1813 3455 valent
1836 3388 1911 3455 lero
1935 3400 2065 3480 quarta
2089 3384 2192 3458 aurei
2215 3378 2311 3458 Rhe-

1313 3485 1402 3555 nani
1420 3501 1535 3578 parte.

1413 3607 1466 3676 As
1480 3609 1663 3698 quondam
1682 3626 1813 3677 aeneus
1829 3608 1909 3691 luit,
1935 3621 1970 3676 et
1985 3607 2162 3699 significat
2177 3610 2312 3679 libram

1314 3707 1418 3778 aeris.
1471 3709 1655 3801 Quantum
1680 3711 1818 3793 valeat,
1854 3711 2034 3781 aestimari
2058 3726 2195 3803 potest,
2228 3739 2313 3784 cum

1313 3806 1500 3881 denarium
1522 3812 1694 3881 indecem
1713 3839 1805 3883 asses
1821 3814 2011 3903 partimur.
2050 3810 2195 3887 Valebit
2213 3817 2312 3886 enim

1313 3914 1446 3982 assere
1470 3915 1583 3984 trilurs
1610 3918 1768 3988 ruuuulis
1788 3915 1999 4010 Mysorum,
2033 3944 2114 3988 citro
2140 3922 2314 3990 denarius

1312 4017 1430 4085 valeat
1450 4018 1590 4086 circiter
1613 4019 1756 4108 triginta
1779 4021 1937 4091 numulis
1960 4021 2161 4115 Mysorum.
2213 4024 2308 4094 Nam

1312 4132 1352 4187 ut
1368 4144 1463 4188 nunc
1480 4134 1562 4189 sunt
1579 4123 1693 4212 pretia
1713 4124 1809 4205 auri,
1836 4125 2024 4217 aliquanto
2042 4127 2117 4214 plus
2133 4125 2229 4192 valet
2243 4151 2312 4195 au-

1311 4246 1393 4292 reus
1410 4220 1626 4306 Rhenanus,
1653 4250 1760 4317 quam
1780 4239 1860 4294 octo
1876 4229 2033 4297 denariis
2043 4227 2098 4322 ¹⁰).

1413 4343 1463 4414 As
1482 4345 1516 4412 in
1531 4346 1719 4412 duodecim
1738 4347 1861 4416 uncias
1878 4348 2116 4417 distribuitur.

1414 4446 1563 4518 Sextans
1581 4447 1707 4517 unciae
1725 4449 1830 4533 duae,
1854 4450 1969 4534 idest,
1996 4464 2091 4520 sexta
2109 4470 2192 4540 pars
2209 4446 2307 4519 assis.

1414 4551 1607 4644 Quadrans
1636 4552 1762 4620 unciae
1783 4565 1873 4636 tres,
1906 4552 2033 4637 idest,
2068 4566 2197 4647 qrrarta
2225 4577 2308 4642 pars

1311 4651 1409 4723 assis.
1467 4653 1550 4723 Fuit
1574 4652 1824 4725 usitatissimus
1848 4681 1979 4726 numus
2002 4681 2133 4726 aeneus
2154 4656 2307 4738 Romae,

1191 4817 1202 4828 .
1310 4759 1373 4848 qui
1403 4779 1423 4824 a
1456 4758 1571 4828 tribus
1597 4758 1711 4827 unciis
1741 4759 1847 4826 etiarn
1879 4760 2065 4829 dicebatur
2092 4759 2305 4828 Terrrncius.

1310 4859 1487 4929 Martialis
1504 4857 1647 4957 [Epigr.
1662 4858 1719 4941 ΙΙΙ,
1737 4860 1771 4929 7.
1788 4875 1823 4930 et
1838 4862 1901 4949 al]
1920 4865 2132 4952 sportulam,
2157 4858 2226 4930 hoc
2244 4875 2305 4943 est,

1310 4964 1521 5054 pecuniam,
1548 4989 1656 5056 quam
1679 4966 1806 5035 divites
1831 4967 2019 5035 clientibus
2042 4967 2136 5048 suis,
2164 4967 2228 5058 qui
2246 4989 2306 5034 eos

1342 5237 1375 5293 ὅ)
1393 5235 1563 5297 experrdere]
1582 5235 1666 5288 udttt.
1687 5236 1773 5299 1563,
1794 5237 1870 5286 1570.
1888 5239 2047 5299 appendere

1344 5322 1374 5379 7)
1394 5319 1538 5387 nuectario]
1562 5323 1644 5372 ltditt.
1667 5324 1757 5374 1529..
1778 5324 1870 5384 reat,
1892 5327 1983 5382 1511,
2010 5327 2084 5375 tots.
2109 5327 2225 5378 murus
2250 5325 2306 5391 (sio

1378 5394 1459 5440 ettam
1480 5394 1507 5438 iu
1526 5391 1635 5452 scira„
1662 5392 1707 5440 tid.
1731 5392 1795 5440 1531
1823 5395 1897 5446 tt.l.=
1925 5395 2048 5445 ttomano

1344 5478 1376 5531 8]
1396 5473 1523 5541 prorsus]
1545 5477 1626 5526 Editt.
1651 5479 1736 5537 1511,
1756 5478 1842 5537 tuba,
1864 5479 1937 5529 toao.
1958 5481 2017 5529 terr

1342 5562 1373 5614 9)
1393 5557 1504 5627 obtqua]
1525 5563 1550 5608 tu
1571 5562 1654 5614 ttditt.
1676 5563 1869 5625 ta·ts,1aaa.‚
1891 5565 1963 5614 1570.
1983 5566 2071 5614 deest.

1345 5649 1392 5709 10)
1411 5648 1548 5708 ostiariis]
1567 5649 1649 5733 ttulit.
1671 5648 1760 5712 ¹5³8,
1783 5651 1869 5715 1⁶6³,
1890 5651 2088 5703 landeberti
