5125 6525
134 361 213 454 aaa
348 322 350 326 ’
407 361 467 438 nt
516 361 584 436 nn
609 361 979 439 memnonem
1005 363 1359 442 coronacione
1385 363 1565 438 canon
1590 365 1635 440 v.
1662 364 1900 443 mmmm
2095 370 2173 445 tas

133 535 319 632 dibgentia
334 533 375 606 in
391 535 561 609 omnibus
575 538 683 609 rebus
697 536 951 631 providendis,
974 561 1068 632 quae
1082 539 1129 608 ad
1180 534 1260 608 Deo
1284 537 1478 610 adiuvante
1497 536 1634 631 optima
1648 539 1719 608 lide
1732 539 1891 610 facturos
1906 558 1982 611 esse
1996 540 2050 625 id,
2072 542 2174 636 quod

133 637 366 736 imperatoris
395 662 519 710 curam
552 639 757 731 pertinent,
798 652 899 711 tanta
927 640 1057 724 fuerit,
1089 652 1129 710 ut
1177 635 1404 732 postularent
1416 641 1531 733 leges,
1556 640 1767 712 etinstituta
1781 641 1977 726 maiorum,
1995 655 2033 713 et
2043 639 2172 735 religio

132 742 435 839 peritissimorum
459 742 682 814 confessione
707 765 817 813 nemo
844 742 879 814 ei
902 743 1035 814 ducum
1059 737 1129 812 hoc
1176 742 1432 827 iurisiurandi,
1457 746 1556 838 quod
1570 742 1763 816 dedissent.

134 860 299 940 tempore
320 845 572 917 anteferendus
586 844 645 917 sit.
694 843 840 917 Etenim
857 847 956 941 quod
971 841 1041 916 hoc
1053 846 1129 916 bel·
1281 844 1432 917 Miserat
1452 860 1574 917 autem
1595 846 1722 919 Galim
1741 845 1852 939 paulo
1874 858 1959 917 ante
1975 848 2112 940 legatos
2132 847 2174 919 in

132 950 211 1022 lum
226 971 303 1019 non
316 958 458 1018 tantum
474 948 644 1040 auspiciis
657 947 789 1040 ipsius,
813 951 875 1020 sed
889 947 998 1018 etiam
1012 947 1129 1020 consi·
1177 946 1403 1032 Helvetum,
1428 948 1653 1046 petieratque
1674 948 1785 1019 indici
1807 962 2046 1036 conventum,
2072 952 2173 1044 quod
2235 1032 2239 1045 ,

133 1050 193 1124 liis
214 1064 252 1123 et
265 1051 525 1142 ductugestum
541 1051 666 1122 fuerit:
700 1050 777 1143 ipse
790 1050 869 1121 loca
884 1051 1010 1122 caruis
1027 1076 1128 1144 oepe-
1176 1072 1245 1143 pro
1268 1051 1384 1121 veteri
1405 1052 1584 1136 amicitia,
1610 1076 1703 1147 quae
1720 1051 1893 1123 Helvetiis
1906 1050 1975 1123 fuit
1990 1077 2071 1124 cum
2086 1053 2172 1125 Gal·

134 1154 204 1238 rit,
228 1153 388 1224 intentus
407 1153 516 1223 fuerit
537 1153 576 1223 in
591 1153 796 1225 occasiones
810 1154 1013 1245 pugnandi;
1043 1178 1129 1246 pro·
1176 1151 1247 1223 lico
1269 1176 1403 1244 regno,
1427 1157 1604 1249 quaedam
1625 1157 1672 1224 ad
1693 1153 1885 1225 utilitatem
1903 1153 2073 1248 Europae
2091 1180 2172 1248 per-

134 1255 281 1340 viderit,
304 1268 345 1327 ut
362 1279 437 1324 non
451 1250 565 1327 hostis
579 1255 743 1340 arbitrio,
763 1259 826 1327 sed
841 1256 1127 1337 suodimicaret;
1176 1253 1352 1339 tinentia,
1376 1257 1423 1326 ad
1449 1257 1546 1348 ipsos
1569 1258 1703 1327 referre
1720 1270 1878 1350 cuperet
1927 1254 2068 1328 lndicto
2087 1281 2172 1328 con·

133 1358 316 1429 rationem
330 1356 465 1441 inierit,
487 1382 642 1452 quarum
658 1360 795 1430 arcium
813 1359 1036 1452 oppugnatio
1051 1372 1128 1430 ten·
1177 1369 1309 1441 ventu,
1347 1371 1588 1451 exposuerant
1614 1359 1742 1451 legati,
1781 1359 1915 1453 Regem
1938 1358 2172 1433 Franciscum
2285 1356 2291 1378 '

134 1462 246 1532 tanda
271 1472 380 1543 esset,
410 1459 474 1530 uhi
497 1456 611 1533 bostis
634 1461 715 1532 elici
736 1476 868 1553 posset.
925 1462 1020 1555 Quia
1040 1486 1127 1532 vero
1177 1485 1217 1531 re
1231 1459 1429 1532 deliberata
1444 1485 1526 1532 cum
1542 1461 1692 1533 summis
1707 1461 1930 1556 principibus
1944 1459 2172 1548 Christianis,

133 1562 175 1633 in
194 1560 479 1655 imperatoribus
500 1588 575 1634 non
598 1564 719 1636 minus
734 1565 904 1648 felicitas,
929 1588 1038 1658 quam
1054 1566 1129 1634 for·
1178 1559 1431 1634 adhortatione
1455 1563 1564 1634 etiam
1588 1566 1838 1659 quorundam,
1863 1590 2019 1661 quorum
2035 1566 2173 1659 praeci·

134 1666 252 1737 titudo
273 1667 469 1758 spectanda
490 1666 554 1737 sit:
587 1662 761 1738 hactenus
781 1666 900 1737 Deum
921 1668 1050 1739 favisse
1072 1668 1129 1738 in-
1177 1690 1249 1759 pua
1282 1664 1330 1737 sit
1360 1667 1554 1751 autoritas,
1588 1678 1624 1736 et
1655 1666 1823 1737 voluntas
1856 1690 1941 1759 erga
1975 1668 2173 1760 rempubli-

133 1767 246 1860 ceptis
262 1766 372 1859 Regis
386 1766 589 1853 Francisci,
614 1782 651 1839 et
672 1768 712 1838 in
727 1793 826 1862 spem
843 1794 968 1842 omnes
985 1770 1128 1857 adduci,
1178 1793 1257 1839 cam
1272 1764 1514 1840 Christianam
1532 1768 1689 1860 optima,
1716 1769 1960 1854 constituisse,
1987 1780 2109 1862 petere
2126 1771 2170 1840 ab

125 1882 285 1963 ,propter
309 1881 468 1943 caeteras
489 1872 565 1944 eius
579 1871 729 1944 virtutes
740 1867 836 1943 hanc
848 1873 1054 1946 felicitatem
1074 1874 1128 1945 di·
1176 1869 1422 1956 Electoribus,
1449 1885 1490 1943 ut
1514 1871 1721 1965 designetur
1744 1871 1933 1945 Romanus
1956 1869 2172 1964 Imperator.

132 1985 307 2044 uturnam
323 1973 415 2044 fore.
1178 1973 1477 2045 Commemorant
1508 1970 1601 2044 nihil
1632 1974 1687 2059 vi,
1734 1970 1827 2045 nihil
1857 2000 1923 2068 per
1957 1973 2173 2047 seditionem

235 2078 287 2146 At
315 2070 409 2144 nihil
443 2100 537 2160 esse,
570 2078 669 2171 quod
694 2076 906 2149 Germanici
935 2077 1127 2171 principes,
1175 2078 1356 2149 facturum
1389 2102 1464 2149 esse
1497 2090 1622 2148 contra
1650 2077 1918 2149 Germanorum
1949 2078 2172 2157 libertatem

134 2175 306 2249 accersito
320 2176 422 2270 Rege
438 2178 590 2265 Galliae,
610 2193 774 2251 metuant
791 2181 905 2252 veteri
919 2205 1006 2253 suae
1020 2182 1128 2253 liber·
1177 2182 1237 2252 sed
1252 2178 1460 2252 Electorum
1478 2179 1677 2273 suffragiis,
1708 2193 1744 2250 et
1759 2179 1947 2253 autoritati
1965 2179 2172 2274 pontificiae

114 2275 222 2365 'nti‚
246 2304 328 2352 cum
350 2294 386 2351 et
403 2280 480 2353 Rex
500 2305 564 2354 sua
588 2282 775 2354 voluntate
794 2285 890 2377 leges
909 2297 946 2354 et
962 2284 1127 2356 instituta
1176 2307 1254 2354 rem
1283 2283 1542 2376 permissurum
1574 2306 1661 2356 esse.
1725 2281 1797 2354 Sed
1819 2285 1866 2354 ad
1890 2280 1960 2354 hoc
1981 2283 2173 2356 consilium

133 2385 316 2453 maiorum
342 2384 498 2454 libenter
530 2385 714 2472 observet,
749 2400 785 2456 et
801 2386 1027 2458 Electoribus
1046 2411 1129 2480 per·
1177 2385 1282 2456 initio
1306 2385 1554 2477 adiungendus
1575 2385 1716 2456 duxisse
1731 2384 1934 2470 Helvetios,
1963 2399 2024 2471 ut,
2047 2387 2079 2458 si
2089 2385 2201 2464 Eler
2277 2394 2284 2481 J

132 2485 306 2559 mbsurus
326 2486 391 2570 sit,
415 2499 457 2556 ut
480 2487 704 2558 conditiones
726 2488 845 2559 ferant
889 2512 980 2582 quas
993 2513 1075 2560 eum
1089 2488 1128 2558 in
1178 2499 1318 2557 storum
1340 2487 1520 2579 suffragiis
1541 2487 1650 2558 fuerit
1674 2487 1827 2571 electus,
1859 2488 1930 2579 ipsi
1948 2512 2026 2557 non
2044 2491 2172 2560 adver-

132 2586 344 2678 accipiendo
359 2588 513 2679 imperio
527 2613 671 2662 servare
685 2590 808 2663 velint.
852 2541 1129 2684 buiaRexnon
1177 2602 1321 2670 sentur;
1352 2592 1415 2661 sed
1439 2590 1560 2683 potius
1583 2588 1708 2662 sintin
1723 2590 1906 2681 partibus,
1941 2603 1977 2660 et
1989 2586 2084 2661 hanc
2100 2591 2172 2661 ele·

133 2689 244 2760 aliam
267 2690 314 2759 ob
339 2712 482 2761 causam
499 2703 600 2782 petat
620 2692 834 2784 imperium,
858 2692 930 2764 nisi
945 2696 1045 2790 quod
1060 2693 1130 2765 toti
1178 2694 1335 2763 ctionem
1359 2716 1432 2764 una
1454 2694 1660 2764 defendant
1718 2692 1828 2786 Quod
1850 2706 1891 2765 ut
1908 2692 2062 2779 faciant,
2094 2717 2172 2764 non

132 2790 276 2862 nomini
306 2788 513 2864 Christiano
547 2790 642 2866 banc
674 2795 813 2867 Galliae
838 2795 1128 2892 Germaniaeque
1177 2797 1289 2865 modo
1311 2807 1414 2868 vetus
1436 2820 1518 2866 cum
1535 2795 1648 2868 Gallis
1670 2795 1848 2880 amicitia,
1880 2794 2015 2867 mutuis
2039 2794 2173 2868 utrius·

133 2894 427 2967 coniunctionem
454 2898 610 2969 maxime
628 2901 855 2990 profuturam
882 2924 956 2972 esse
978 2900 1127 2970 iudicet:
1177 2922 1248 2993 que
1274 2897 1391 2989 gentis
1422 2898 1603 2971 beneficiis
1629 2898 1861 2984 confirmata,
1896 2923 1958 2970 eos
1985 2894 2172 2979 hortetur;
2304 2932 2309 2946 ¹

133 3021 229 3093 qnae
261 2998 469 3069 coniunctio
502 3024 579 3070 non
613 3014 703 3073 esset
732 3003 903 3073 diuturna
931 3015 967 3072 et
991 3003 1128 3075 stabilis
1177 3001 1239 3073 sed
1274 3000 1385 3070 etiam
1420 3003 1517 3074 salus
1547 3002 1657 3074 totius
1691 2996 1889 3073 Christiani
1920 3000 2038 3087 orbis,
2085 3001 2172 3095 quia

132 3102 276 3184 futura,
309 3101 342 3174 si
373 3101 538 3173 alterutri
569 3104 711 3174 nationi
742 3105 890 3177 libertas
915 3105 1128 3198 eriperetur.
1176 3099 1266 3174 haec
1285 3104 1412 3196 petitio
1434 3104 1625 3197 praecipue
1649 3100 1743 3174 hanc
1767 3106 1814 3175 ob
1837 3127 1981 3174 causam
2007 3102 2172 3174 instituta
2199 3099 2201 3104 ’

133 3199 300 3300 Eamque
322 3205 368 3276 ob
389 3228 465 3275 rem
488 3206 788 3299 promittebatur,
813 3207 950 3301 Regem
965 3232 1042 3280 non
1057 3209 1129 3280 col·
1176 3206 1260 3291 sit,
1281 3209 1382 3301 quod
1408 3208 1455 3276 ad
1479 3231 1604 3299 pacem
1631 3206 1671 3276 in
1693 3204 1845 3299 Europa
1871 3204 2172 3289 constituendam,

132 3307 338 3379 locaturum
370 3333 445 3380 esse
467 3310 605 3381 Gallica
633 3312 814 3403 praesidia
843 3313 881 3380 in
910 3312 1129 3394 Germania;
1178 3323 1215 3379 et
1237 3310 1286 3379 ad
1307 3310 1538 3403 depellendos
1555 3310 1713 3393 Turras,
1739 3304 1832 3378 nihil
1858 3306 2010 3399 cogitari
2032 3331 2172 3400 accom-

134 3411 199 3482 sed
213 3409 451 3482 Germanicos
469 3413 643 3484 exereitus
657 3438 723 3484 suo
737 3415 918 3504 stipendio
935 3416 1130 3484 conductu·
1177 3411 1361 3482 modatius
1383 3412 1517 3504 possit,
1551 3435 1662 3507 quam
1684 3411 1889 3483 coniunctio
1912 3407 2055 3495 ltaliae,
2086 3410 2172 3483 Gal·

134 3537 218 3585 rum
241 3537 337 3598 esse,
363 3515 495 3608 quibus
517 3516 561 3584 de
585 3515 735 3586 consilio
759 3515 986 3609 principum,
1012 3513 1131 3589 Duces
1177 3515 1249 3598 liae
1274 3527 1311 3584 et
1331 3512 1569 3616 Germaniae:
1611 3538 1704 3610 quae
1726 3513 1758 3585 si
1778 3516 2008 3606 procederet,-
2036 3515 2172 3586 bellum

135 3614 366 3699 Germanici,
391 3641 549 3710 quorum
574 3617 687 3690 virtus
705 3631 741 3689 et
758 3621 846 3695 fides
861 3619 1012 3713 probata
1027 3632 1131 3705 esset,
1178 3630 1275 3687 terra
1297 3617 1462 3712 marique
1486 3619 1657 3690 adversus
1673 3617 1812 3689 'l'urcas
1833 3618 1912 3687 Rex
1933 3628 2099 3689 moturus
2118 3641 2173 3688 es·

134 3719 428 3813 praeficerentur.
1178 3731 1243 3791 set.
1292 3717 1358 3790 Est
1378 3733 1499 3791 autem
1516 3719 1806 3807 Helvetiaesitus
1822 3732 2068 3815 opportunus,
2097 3719 2173 3812 pri·

241 3819 509 3893 Ostendebatur
526 3820 654 3907 etiam,
679 3847 770 3918 quas
786 3824 1060 3896 commoditates
1078 3824 1131 3893 al·
1178 3846 1280 3895 mum
1314 3824 1362 3891 ad
1394 3819 1519 3892 Italiae
1554 3822 1853 3918 tranquillitatem
1893 3823 2173 3902 defendendam

135 3926 255 3995 latura
278 3924 453 4016 paulatim
478 3937 568 3996 esset
588 3925 811 4018 principibus
828 3922 918 3998 haec
938 3927 1130 3999 nationum
1178 3923 1309 3996 deinde
1341 3927 1388 3994 ad
1422 3924 1665 4020 expeditiones
1699 3927 1747 3996 ad
1786 3927 1904 3996 vicina
1935 3921 2059 3996 Italiae
2093 3927 2174 3996 loca

137 4026 367 4113 coniunctio,
407 4052 489 4097 cum
519 4027 599 4097 ltex
627 4030 736 4100 etiam
761 4029 908 4103 Gallicis
933 4030 1132 4102 ditionibus
1178 4028 1433 4121 suscipiendas.
1490 4026 1614 4124 ltaque
1641 4028 1805 4099 ferebant
1824 4030 1961 4121 Regem
1986 4028 2175 4100 adiunctu-

137 4130 338 4203 donaturus
362 4142 452 4202 esset
468 4131 684 4202 Germaniae
699 4132 900 4226 principes,
931 4135 1022 4205 sicut
1042 4133 1131 4204 olim
1179 4156 1261 4202 rum
1285 4155 1360 4202 esse
1384 4131 1523 4203 Gallico
1549 4132 1725 4226 equitatui
1748 4131 1973 4202 Helveticum
1996 4132 2171 4222 peditem:

137 4233 206 4305 sub
241 4232 375 4304 Carolo
401 4233 537 4325 Magno
572 4233 686 4329 aliqui
719 4235 901 4328 principes
934 4237 1131 4309 tenuissent
1179 4235 1289 4328 idque
1313 4235 1428 4305 robur
1449 4259 1491 4304 ac
1513 4259 1644 4305 nervos
1668 4228 1865 4305 Christiani
1886 4232 2060 4304 exercitus
2082 4233 2172 4304 fore.

138 4335 280 4428 amplos
299 4336 524 4428 principatus
543 4337 583 4406 in
604 4351 759 4432 utroque
781 4363 907 4431 regno.
1178 4337 1264 4409 Non
1285 4337 1382 4408 enim
1401 4337 1589 4409 dubitabat
1602 4335 1681 4407 Rex
1702 4338 1856 4406 libenter
1871 4348 2042 4404 venturos
2058 4334 2097 4403 in
2114 4358 2172 4404 so·

243 4435 343 4508 Haec
356 4441 429 4509 fere
445 4464 586 4510 summa
602 4440 670 4510 fuit
686 4441 846 4512 Gallicae
862 4441 1051 4527 orationis,
1074 4441 1133 4512 cui
1180 4440 1345 4511 rietatem
1366 4440 1517 4533 periculi
1537 4464 1730 4560 generosos
1746 4438 1993 4509 Helvetiorum
2013 4435 2172 4530 spiritus,

140 4552 220 4612 erat
234 4540 374 4611 adiecta
390 4538 618 4628 adhortatio,
643 4543 877 4617 utElectores
893 4569 969 4615 non
991 4545 1133 4616 amitte·
1181 4543 1266 4638 quia
1292 4545 1390 4615 nulla
1416 4556 1531 4614 aetate
1549 4543 1697 4629 rustius,
1723 4554 1787 4611 aut
1803 4540 1917 4637 magis
1931 4538 2173 4611 necessarium

139 4655 223 4715 rent
252 4638 347 4713 hanc
369 4645 593 4717 occasionem
616 4646 887 4746 coniungendae
912 4648 1131 4721 Germaniae
1179 4647 1313 4718 bellum
1342 4671 1503 4742 uuquam
1527 4658 1665 4740 gestum
1691 4644 1748 4717 sit.
1809 4643 2051 4738 Depellendus
2074 4654 2174 4713 esta

141 4771 225 4818 cum
245 4745 384 4829 Gallia:
418 4751 517 4843 quod
540 4773 582 4819 ea
600 4774 659 4821 res
681 4751 873 4823 Germanis
899 4764 990 4824 esset
1011 4753 1131 4823 futura
1179 4750 1314 4822 nostris
1333 4749 1530 4821 cervicibus
1545 4746 1676 4833 hostis,
1702 4746 1764 4842 qui
1781 4772 1856 4817 non
1871 4749 1914 4817 de
1930 4746 2045 4839 gloria
2060 4745 2174 4837 impe·

141 4849 312 4943 gloriosa,
337 4851 414 4947 qui,
440 4847 509 4923 hac
520 4851 653 4923 virium
670 4854 871 4926 accessione
883 4856 991 4940 heta,
1016 4855 1131 4925 multo
1180 4853 1246 4939 rii,
1277 4866 1319 4923 ut
1341 4866 1479 4924 veteres
1501 4847 1740 4933 Monarchae,
1779 4850 1872 4920 bella
1900 4849 2008 4942 gerit3
2050 4850 2112 4919 sed
2133 4861 2175 4918 ut

141 4965 259 5023 essent
278 4956 392 5026 futuri
416 4956 542 5026 adres
555 4955 729 5028 maximas
741 4960 917 5049 gerendas
929 4957 1134 5030 instructio·
1181 4955 1392 5048 religionem
1407 4953 1649 5028 Christianam
1673 4956 1807 5039 deleat,
1835 4967 1876 5024 ut
1891 4952 2095 5023 universam
2119 4949 2175 5020 di·

140 5077 219 5132 reot
255 5067 291 5123 et
320 5060 419 5152 quod
454 5061 502 5130 ad
533 5059 779 5131 defensionem
802 5059 994 5152 Europae,
1024 5073 1061 5131 et
1086 5062 1133 5133 ad
1181 5058 1540 5151 sciplinameivilem,
1566 5071 1607 5130 ut
1623 5059 1703 5130 iura
1720 5056 2037 5127 matrimoniorum
2059 5052 2175 5138 tollat,

141 5151 341 5229 Christiani
362 5161 460 5234 orbis
483 5163 782 5259 tranquillitatem
794 5159 889 5233 nihil
902 5158 972 5233 hac
985 5163 1141 5234 conium·
1181 5176 1224 5233 ut
1246 5163 1292 5232 ad
1315 5174 1439 5255 stupra
1461 5175 1602 5235 nostras
1629 5160 1798 5251 coniuges
1819 5184 1861 5230 ac
1884 5159 2016 5229 liberos
2043 5157 2175 5249 rapiat,

141 5258 261 5335 ctione
277 5275 399 5353 posset
409 5264 533 5335 utilius
548 5266 699 5360 cogitari
715 5289 757 5337 ac
776 5266 940 5361 reperiri.
990 5266 1134 5338 Recita·
1181 5265 1390 5337 liberandae
1420 5279 1505 5338 sunt
1533 5260 1602 5335 bac
1629 5262 1831 5335 miserrima
1856 5262 2028 5334 servitute
2052 5272 2175 5350 gentes

139 5360 188 5435 tis
207 5361 411 5453 legatorum
435 5367 566 5467 literis,
598 5371 756 5441 breviter
774 5372 1039 5464 responderunt
1052 5370 1133 5441 Ele·
1182 5369 1340 5454 sicinae,
1373 5394 1465 5464 quae
1488 5369 1676 5440 nobiscum
1698 5366 1871 5459 religione
1892 5378 1928 5435 et
1950 5363 2029 5433 aliis
2053 5358 2175 5453 multis

141 5476 279 5539 stores:
319 5483 461 5563 gratam
488 5472 558 5543 sibi
585 5499 660 5547 esse
680 5473 971 5545 benevolentiam
991 5473 1134 5567 Regum
1181 5472 1387 5544 foederibus
1410 5485 1516 5545 antea
1538 5472 1750 5543 coniunctae
1770 5472 1927 5540 fuerunt.
1992 5463 2068 5531 Hae
2091 5472 2176 5532 sunt

142 5592 229 5663 erga
249 5597 396 5647 -nomen
422 5575 698 5661 Germanicum
738 5580 800 5653 sed
825 5580 871 5651 de
895 5578 1069 5652 electione
1095 5603 1134 5651 se
1183 5601 1310 5650 musae
1342 5600 1468 5669 graves
1498 5589 1534 5647 et
1561 5573 1792 5747 iustaeapipis
1817 5570 1970 5644 fortibus
1992 5588 2094 5638 arma
2118 5588 2176 5638 ca·
