5125 6525
392 371 471 468 abs
975 389 1098 463 run.
1134 369 1853 463 un1,.·'sca1rrarnuonoo1m
2357 379 2438 469 soa

389 555 471 642 s'tne
497 567 650 638 eximam
672 565 843 635 festucam
870 586 912 634 ex
936 554 1041 635 oculo
1064 577 1146 647 tuo,
1172 575 1208 633 et
1222 587 1301 633 ecce
1317 574 1388 633 tra·
1441 574 1476 632 et
1491 585 1566 633 uon
1588 561 1895 657 est')''prostrata·.
1944 560 2110 632 Fundata
2127 564 2223 632 enim
2241 566 2360 636 iuerat
2375 591 2439 640 su·

389 670 509 743 'besin
524 670 629 739 oculo
643 665 735 739 tuo?
785 665 1005 761 llypocrita,
1031 665 1117 736 eiice
1133 665 1387 758 priustrabem
1440 690 1506 758 per
1528 678 1681 759 petram.
1732 664 1780 735 Et
1802 664 1940 747 omnis,
1965 665 2028 758 qui
2051 665 2152 735 audit
2177 691 2197 734 a
2219 692 2277 737 me
2298 687 2439 742 sermo·

393 797 438 844 ex
453 772 559 843 oculo
574 786 657 855 tuo,
683 782 720 840 et
733 781 810 841 tum
826 769 1040 862 perspicies,
1066 781 1106 840 ut
1123 768 1257 838 eximas
1281 769 1388 839 lestu-
1439 793 1503 839 nes
1523 765 1610 852 hos,
1637 781 1672 837 et
1696 791 1770 837 non
1791 767 1877 861 iacit
1899 790 1981 850 eos,
2007 765 2273 842 adsimilabitur
2288 771 2368 842 viro
2382 775 2439 843 sa-

394 900 473 947 cam
491 865 534 945 es
550 875 655 945 oculo
671 873 792 944 fratris
809 873 873 943 tui.
909 872 964 945 Ne
981 871 1085 955 detis,
1110 873 1208 965 quod
1224 881 1387 942 sanctum
1440 883 1525 956 tuo,
1550 861 1614 967 qui
1636 870 1837 941 aedificavit
1858 872 2007 941 domum
2030 892 2131 940 suam
2147 895 2256 963 super
2272 897 2439 963 arenam,

394 992 467 1062 est,
501 976 669 1060 canibus,
700 999 747 1045 ne
770 973 995 1066 proieceritis
1016 973 1229 1064 margaritas
1251 985 1389 1044 vestras
1439 985 1477 1045 et
1498 973 1682 1045 descendit
1703 973 1839 1056 imber,
1857 987 1909 1043 -et
1929 985 2105 1043 venerunt
2123 972 2294 1061 flumina,
2321 990 2356 1048 et
2371 979 2438 1050 lla-

394 1091 479 1151 ante
501 1104 653 1172 porcos,
676 1101 723 1147 ne
748 1078 893 1171 quando
916 1072 957 1147 bi
978 1077 1188 1146 conculcent
1206 1101 1266 1147 eas
1290 1073 1389 1168 pedi·
1440 1091 1570 1146 verunt
1591 1077 1708 1160 venti,
1734 1089 1769 1146 et
1791 1075 2022 1167 impegerunt
2033 1074 2071 1142 in
2087 1077 2235 1149 domum
2252 1079 2374 1166 illam,
2399 1096 2439 1153 et

391 1183 461 1255 bus
482 1180 577 1268 suis,
601 1194 636 1252 et
654 1179 706 1248 illi
720 1177 815 1250 v'ersi
830 1179 868 1247 in
883 1203 947 1251 vos
959 1180 1118 1249 lacerent
1133 1202 1209 1251 vos,
1258 1177 1390 1263 Petite,
1439 1179 1576 1250 deiecta
1599 1191 1652 1251 est
1675 1194 1710 1248 et
1728 1178 1797 1249 fuit
1809 1178 1913 1248 ruina
1931 1178 2026 1249 illius
2043 1202 2187 1270 magna.
2237 1180 2285 1252 Et
2299 1184 2437 1256 samum

393 1299 431 1357 et
448 1285 594 1356 dabitur
607 1283 721 1367 vobis,
738 1283 901 1376 quaerite
924 1296 960 1352 et
975 1282 1178 1365 invenietis,
1199 1281 1337 1374 pulsate
1354 1293 1390 1351 et
1424 1295 1511 1366 vest,
1536 1295 1596 1366 ut,
1620 1282 1859 1353 cum-finisset
1880 1281 1976 1352 lesus
1997 1303 2182 1353 sermones
2197 1278 2286 1368 hos,
2311 1288 2439 1359 obstu-

248 1369 266 1426 '2
395 1387 578 1481 aperietur
592 1385 706 1456 vobis.
758 1383 930 1481 Quisquis
948 1383 1043 1455 enim
1061 1383 1163 1477 petit,
1186 1383 1328 1476 accipit,
1354 1395 1389 1454 et
1438 1398 1596 1478 puerunt
1625 1386 1755 1456 turbae
1780 1408 1890 1476 super
1919 1385 2082 1453 doctrina
2107 1383 2213 1456 illius.
2271 1384 2439 1460 Docebat

393 1489 601 1586 qrricrrnqne
618 1486 772 1584 quaerit,
792 1486 945 1572 invenit,
973 1500 1009 1556 et
1022 1487 1180 1579 pulsanti
1194 1487 1388 1580 aperietur.
1440 1488 1535 1557 enim
1555 1512 1617 1559 eos
1633 1489 1731 1558 velut
1745 1483 1881 1559 habens
1899 1486 2161 1569 autoritatem„
2176 1501 2212 1558 et
2232 1514 2309 1560 non
2328 1489 2439 1564 sicuti

390 1593 452 1662 An
479 1591 669 1688 quisquam
703 1602 756 1660 est
780 1603 938 1661 vestrum
960 1585 1095 1675 homo,
1128 1589 1212 1684 qni,
1242 1589 1388 1661 siblios
1438 1591 1587 1663 scribae.

393 1694 470 1766 eius
503 1692 648 1787 petierit
679 1714 834 1784 panem,
867 1691 1023 1784 lapidem
1055 1694 1205 1763 daturus
1238 1692 1286 1763 sit
1310 1690 1389 1762 illi?
1538 1724 1601 1797 Ex
1627 1727 1826 1819 epistola
1853 1725 1986 1796 pauli
2013 1729 2068 1796 ad
2095 1726 2325 1799 Romano³

312 1821 315 1826 ·
392 1797 469 1871 Aut
490 1797 522 1869 si
544 1795 678 1888 piscem
700 1796 865 1887 petierit,
892 1819 978 1864 num
1001 1807 1202 1888 serpentem
1226 1793 1389 1887 porriget
1809 1828 1952 1921 caput
1978 1825 2066 1900 m
2334 1782 2345 1812 '

391 1895 472 1969 nli?
515 1897 561 1969 -Si
583 1921 648 1968 vos
669 1896 798 1989 igitur,
823 1922 904 1969 cum
928 1896 1005 1968 sitis
1028 1897 1133 1980 mali,
1155 1897 1270 1968 nostis
1291 1899 1388 1966 dona

392 2003 490 2074 bona
505 2003 592 2070 dare
607 1997 689 2069 liliis
706 1999 844 2082 vestris,
864 2011 1001 2093 quanto
1015 2000 1129 2091 magis
1143 2013 1245 2094 pater
1260 2012 1389 2085 vester,

394 2105 459 2202 qui
474 2117 528 2175 est
543 2103 582 2171 iu
600 2101 721 2186 coelis,
735 2102 847 2171 dabit
861 2103 971 2186 bona,
993 2101 1023 2173 si
1035 2093 1221 2195 postuletis
1236 2104 1280 2171 ab
1297 2102 1389 2194 ipso.

391 2205 528 2279 Omnia
552 2205 681 2297 igitur,
708 2228 943 2299 quaecunque
964 2205 1171 2291 volueritis,
1196 2217 1238 2275 ut
1255 2205 1390 2275 saciant

392 2310 497 2382 vobis
512 2304 697 2391 homines,
723 2307 773 2378 sic
788 2321 823 2377 et
838 2332 903 2378 vos
918 2308 1023 2377 facite
1039 2308 1120 2379 illis.
1172 2305 1271 2379 llaec
1292 2307 1388 2376 enim

1543 1951 1703 2024 Obsecro
1728 1976 1791 2022 vos
1812 1952 1961 2034 fratres,
1994 1974 2060 2043 per
2082 1949 2331 2022 miserationes
2353 1947 2438 2036 Dei,

1440 2069 1482 2128 ut
1503 2054 1704 2149 praebeatis
1730 2076 1883 2146 corpora
1908 2066 2027 2124 vestra
2052 2046 2209 2124 hostiam
2241 2051 2438 2139 viventem,

1439 2172 1621 2243 sanctam,
1648 2170 1830 2251 acceptam
1852 2154 1951 2244 Deo,
1978 2154 2194 2225 rationalem
2218 2155 2353 2226 cultum
2376 2181 2438 2227 ve·

1440 2274 1568 2335 strum.
1619 2258 1667 2329 Et
1687 2284 1733 2330 ne
1757 2259 2035 2330 accommodetis
2050 2282 2114 2329 vos
2128 2260 2174 2328 ad
2191 2260 2342 2350 figuram
2359 2284 2438 2331 sae-

1441 2363 1512 2435 culi
1526 2360 1652 2445 huius,
1677 2366 1740 2435 sed
1754 2362 2061 2435 transformemini
2080 2386 2146 2455 per
2162 2360 2437 2434 renovationem

1440 2469 1572 2558 meqtis
1601 2459 1759 2554 vestrae,
1791 2479 1833 2538 ut
1860 2466 2040 2560 probetis,
2074 2490 2167 2560 quae
2196 2464 2244 2537 sit
2270 2466 2439 2538 voluntas

1439 2567 1529 2656 Dei,
1569 2571 1669 2665 quod
1701 2572 1837 2641 bonurn
1872 2582 1925 2672 pst
1950 2557 2218 2663 ¹acceptumque
2254 2580 2289 2638 et
2320 2570 2439 2660 perfe-

394 2426 448 2486 est
464 2414 571 2483 leret
585 2405 794 2503 prophetae.
833 2407 984 2479 lntroite
1001 2435 1065 2502 per
1081 2423 1217 2479 arctam
1232 2421 1389 2502 portam,

392 2515 567 2612 qnoniam
590 2513 661 2582 lata
688 2525 741 2584 est
764 2526 870 2606 porta
889 2524 924 2581 et
939 2512 1094 2605 spatiosa
1113 2513 1191 2596 via,
1218 2536 1311 2607 quae
1327 2513 1389 2582 ab·

390 2618 490 2688 ducit
513 2614 551 2685 in
572 2613 742 2698 exitium,
768 2614 944 2709 multique
968 2627 1074 2700 sunt,
1101 2614 1164 2711 qui
1179 2614 1389 2709 ingrediun-

391 2733 452 2792 tur
467 2741 533 2812 per
544 2718 659 2800 illam,
684 2718 857 2812 qnoniam
873 2730 1024 2809 angusta
1041 2731 1094 2788 est
1108 2731 1227 2810 porta,
1254 2731 1290 2789 et
1307 2717 1389 2789 stri·

392 2835 449 2894 cta
471 2821 550 2904 via,
582 2843 675 2912 quae
701 2820 847 2891 abducit
872 2821 917 2888 ad
938 2819 1071 2904 vitam,
1105 2823 1269 2913 etpauci
1292 2834 1388 2905 sunt,

1440 2688 1552 2747 cturm
1612 2672 1704 2745 Dico
1732 2673 1829 2743 enim
1859 2697 1925 2765 per
1952 2672 2125 2762 gratiam,
2156 2695 2249 2765 quae
2273 2670 2356 2740 data
2384 2686 2440 2743 est

1440 2773 1549 2862 mihi,
1575 2775 1722 2847 cuilibet
1742 2776 1901 2847 versanti
1924 2775 2020 2844 inter
2046 2798 2131 2859 vos,
2163 2797 2210 2843 ne
2233 2773 2314 2866 quis
2335 2797 2439 2844 arro·

1439 2892 1566 2972 ganter
1588 2881 1633 2948 de
1655 2902 1693 2950 se
1716 2877 1867 2963 sentiat,
1900 2880 2008 2971 supra
2035 2901 2143 2971 quam
2168 2883 2314 2967 oportet
2332 2878 2377 2947 de
2399 2902 2438 2948 se

1439 2982 1593 3067 sentire,
1624 2984 1688 3053 sed
1716 2981 1766 3050 ita
1792 2979 1945 3065 sentiat,
1977 2993 2018 3051 ut
2044 2981 2226 3051 modestus
2253 2979 2300 3049 sit
2323 2991 2358 3050 et
2379 3005 2439 3051 so·

390 3131 453 3204 ud
484 3128 700 3199 intrinsecus
732 3141 816 3200 mm
842 3129 920 3221 lupi
943 3153 1102 3221 rapaces·
1133 3169 1137 3175 Ι
1158 3132 1193 3202 Α
1214 3129 1388 3200 fructibus
1438 3086 1552 3169 brius,
1578 3097 1619 3154 ut
1631 3083 1761 3179 cuique
1774 3081 1874 3155 Deus
1888 3084 2041 3176 partitus
2056 3094 2108 3155 est
2121 3104 2326 3153 mensuram
2340 3083 2438 3155 fidei.

391 3234 553 3328 ipsorum
579 3230 778 3323 agnoscetis
802 3257 874 3304 eos.
935 3230 1122 3328 Numquid
1146 3232 1319 3325 colligunt
1343 3232 1388 3301 de
1439 3185 1755 3284 Quemdmdum
1793 3186 1890 3257 ‘nim
1924 3187 1963 3255 5¹¹
1994 3209 2069 3257 ¹¹⁰⁰
2095 3209 2247 3305 ⁰⁰¹P‘2st
2274 3186 2437 3256 membra

1359 3334 1369 3351 ·
1440 3292 1552 3361 multa
1577 3285 1772 3377 habemus,
1802 3292 1964 3361 membra
1988 3314 2074 3360 vero
2102 3313 2225 3358 omma
2248 3312 2324 3358 non
2349 3312 2438 3359 eun·

391 3337 506 3410 sinis
524 3334 660 3406 uvam?
692 3349 755 3407 aut
777 3338 822 3405 de
847 3334 989 3406 tribulis
1015 3334 1127 3407 ficus?
1187 3336 1245 3406 Sic
1269 3358 1388 3407 omms
1513 3379 1515 3382 -
1871 3393 1881 3410 ,
2014 3392 2024 3409 ‚

393 3362 503 3510 albor
523 3440 620 3509 bona
641 3439 778 3510 fructus
798 3440 914 3510 bonos
933 3437 1038 3522 facit,
1061 3439 1177 3531 putris
1193 3451 1313 3509 autem
1330 3460 1388 3505 ar·
1438 3389 1673 3568 fflfflssl
1687 3408 1902 3589 25:335&
1912 3393 2032 3567 ἐπὶ
2039 3415 2439 3565 ὓῖἴέῗῑᾶῗέξυῦἑθῐᾞ

1651 3551 1662 3580 r
2036 3549 2047 3582 ,
2421 3537 2438 3551 .

391 3543 461 3613 hm
481 3543 619 3615 ‘metm
640 3543 755 3612 malm
775 3540 873 3612 facil
923 3540 1008 3613 Non
1030 3553 1148 3633 p⁰t⁰⁵t
1166 3543 1277 3661 {rb-⁰⁹
1290 3542 1387 3609 bom
1438 3601 1503 3670 bra
1549 3602 1613 3672 sed
1631 3613 1754 3669 tamen
1777 3595 1951 3671 habentes
1971 3601 2067 3670 dona
2084 3598 2183 3668 iuxta
2244 3597 2353 3667 atiam
2372 3600 2438 3667 da·

390 3646 527 3717 fructus
542 3647 657 3715 malos
670 3646 807 3727 lacere,
832 3667 950 3737 neque
965 3646 1074 3714 arbor
1092 3657 1226 3736 putris,
1250 3645 1388 3714 fructus
1438 3653 1524 3772 ω’
1540 3703 1645 3773 nohis
1665 3686 1788 3786 mia,-
1824 3702 1900 3774 sive
1924 3697 2154 3794 prophetiam
2178 3623 2277 3772 ign
2298 3701 2438 3791 Ponio-

390 3747 653 3821 bonoslacere.
706 3745 836 3818 Omnis
852 3749 982 3832 arbor,
1009 3771 1102 3841 quae
1119 3771 1194 3816 uon
1209 3746 1297 3816 facit
1309 3747 1388 3816 sru-
1593 3799 1627 3822 ..
1704 3805 1714 3822 .
1822 3804 1872 3822 ..
1950 3805 1959 3820 .
2048 3805 2057 3822 .
2198 3804 2248 3820 ..
2340 3802 2350 3819 .

1439 3830 1523 3875 nem
1544 3807 1648 3890 fider,
1684 3830 1760 3876 sive
1783 3819 2023 3877 mrnrsterrum
2046 3831 2085 3875 ιιι
2110 3806 2438 3889 admmrstratrone,

391 3863 490 3920 ‘²⁰¹⁰
520 3850 680 3933 b⁰⁰⁰¹¹¹2
716 3851 910 3933 ‘md-'‘¹¹“
943 3864 978 3920 εἴ
1011 3874 1050 3919 ¹¹¹
1076 3872 1158 3939 ’με
1185 3861 1387 3919 mmmm
1439 3908 1514 3981 sive
1533 3908 1597 4002 qui
1611 3911 1716 3978 docet
1732 3909 1772 3976 in
1787 3909 1976 3993 doctrina,
2001 3909 2076 3978 sive
2091 3908 2155 4002 qui
2170 3902 2381 3977 exhortatur
2397 3906 2438 3975 in

1440 4006 1711 4094 exhortatione,
1745 4012 1809 4108 qui
1837 4010 2000 4104 impertit
2025 4012 2064 4080 in
2091 4010 2339 4103 simplicitate,
2372 4008 2439 4104 qui

1438 4127 1582 4208 praeest
1604 4115 1643 4183 in
1664 4113 1871 4207 diligentia,
1897 4114 1962 4209 qui
1982 4115 2173 4186 miseretur
2187 4113 2224 4180 iu
2239 4107 2439 4186 hilaritate.

1438 4217 1592 4289 Dilectio
1608 4217 1656 4290 sit
1671 4240 1747 4288 non
1761 4218 1949 4302 simulata,
1973 4217 2050 4289 sitis
2068 4218 2152 4288 odio
2166 4225 2440 4309 prosequentes,

1439 4324 1538 4417 quod
1554 4321 1691 4392 malum
1707 4335 1771 4407 est,
1793 4316 2029 4393 adhaerentes
2041 4321 2087 4407 ei,
2109 4321 2206 4416 quod
2218 4320 2356 4388 bonnm
2370 4330 2440 4404 est,

390 4481 493 4540 mum
524 4462 843 4560 prophetavimm,
874 4476 910 4534 et
931 4489 997 4558 per
1017 4491 1154 4537 nomen
1177 4479 1279 4537 tuum
1304 4467 1387 4536 dae·
1438 4449 1505 4518 per
1527 4426 1726 4544 fraternam
1741 4421 1976 4545 charitatem,
2002 4425 2047 4494 ad
2061 4436 2189 4543 mutuo
2202 4446 2269 4493 sos
2287 4419 2439 4543 diligen·

1439 4530 1506 4600 dos
1531 4552 1720 4621 propensi,
1746 4523 1887 4598 honore
1910 4529 2001 4600 abus
2022 4528 2134 4597 aburn
2152 4536 2440 4618 praevenientes,

389 4570 513 4640 monia
538 4565 731 4639 eiecimus?
757 4579 792 4636 et
813 4590 879 4659 per
894 4592 1029 4639 nomen
1050 4584 1152 4641 tuum
1171 4570 1301 4640 multas
1315 4567 1388 4636 vir·
1524 4630 1534 4648 ‚
1705 4632 1715 4648 .
1763 4633 1771 4647 ⁸
1862 4630 1905 4647 ..
2339 4627 2349 4644 ι

391 4686 484 4744 testes
498 4667 768 4763 praestitimus?
796 4669 940 4742 Actum
959 4674 1157 4744 confitebor
1171 4671 1258 4742 illis:
1285 4671 1388 4744 Nun·
1438 4632 1560 4751 ⁸l¹¹d¹⁰
1580 4655 1656 4701 ¹¹⁰⁰
1678 4656 1792 4725 P¹b¹¹²
1817 4643 1946 4724 ⁸P¹f¹l⁰
1968 4631 2166 4712 semme&
2193 4641 2440 4721 lefflp⁰¹¹⁸0¹·

390 4801 501 4872 quam
522 4773 610 4844 novi
633 4797 708 4843 vos.
758 4771 939 4846 Discedite
963 4799 1079 4860 ame,
1106 4775 1169 4872 qui
1185 4774 1389 4868 operamini
1438 4745 1597 4822 ‘lenm’
1630 4759 1692 4827 ⁸¹²⁰
1720 4737 1937 4827 gaudente&
1969 4734 2008 4803 ³¹¹
2031 4733 2225 4803 afflicfim
2248 4732 2440 4825 pallente*

389 4877 634 4972 iniquitatem.
700 4872 880 4974 Omnis')
903 4878 1021 4963 enim,
1053 4879 1115 4974 qui
1138 4877 1240 4948 audit
1262 4903 1306 4949 er
1329 4901 1387 4946 me

389 5001 574 5053 sermones
588 4974 679 5063 hos,
695 4980 831 5050 etfacit
845 5006 925 5066 eos,
951 4980 1163 5052 adsimilabo
1186 4981 1287 5052 illum
1306 4981 1386 5051 viro

388 5080 581 5176 prudenti,
604 5081 666 5177 qui
688 5083 890 5153 aedificavit
913 5085 1061 5154 domum
1086 5108 1188 5156 suam
1203 5108 1312 5177 super
1326 5108 1388 5178 pe-

388 5196 506 5268 tram,
532 5198 568 5255 et
581 5186 764 5258 descendit
779 5184 953 5275 imber⁸),
980 5198 1016 5255 et
1034 5200 1209 5257 venerunt
1223 5188 1388 5273 flumina,

390 5298 429 5359 et
445 5286 625 5361 flaverunt
647 5289 766 5372 venti,
792 5300 829 5358 et
849 5288 1035 5359 irruerunt
1056 5287 1096 5360 in
1110 5293 1259 5364 domum
1273 5291 1388 5378 illam,

391 2924 457 3022 qui
477 2921 668 3016 inveniunt
687 2922 801 2993 illam.
853 2920 984 2993 Cavete
1004 2947 1091 2993 vero
1116 2925 1218 2996 vobis
1240 2949 1259 2993 a
1285 2948 1389 3016 pseu·

391 3020 649 3119 doprophetis,
673 3026 736 3120 qui
751 3024 901 3096 veniunt
915 3026 960 3094 ad
974 3050 1039 3098 vos
1052 3027 1090 3096 in
1106 3028 1236 3099 vestitu
1252 3026 1388 3110 ovium,

318 3982 320 3987 ·
390 3948 505 4046 lgitnr
521 3976 564 4023 ex
581 3952 754 4024 fructibus
773 3953 933 4046 ipsorum
958 3952 1157 4045 agnoscetis
1179 3975 1253 4023 eos.
1303 3949 1388 4022 Non

391 4056 554 4153 quisquis
572 4055 659 4126 dicit
682 4052 790 4127 mihi:
823 4055 1002 4138 Domine,
1029 4053 1196 4140 domine,
1222 4053 1389 4123 introibit

391 4161 433 4230 in
452 4180 601 4249 regnum
626 4160 829 4242 coelorum,
860 4157 923 4228 sed
944 4158 1007 4250 qui
1022 4157 1148 4227 fecerit
1162 4157 1386 4228 voluntatem

390 4261 505 4357 patris
526 4262 616 4346 mei,
644 4262 767 4356 quiin
792 4259 900 4330 coelis
925 4272 988 4330 est.
1040 4259 1149 4330 Multi
1162 4260 1284 4332 disent
1296 4255 1389 4329 mihi

390 4366 431 4453 in
451 4364 514 4433 illo
533 4365 608 4435 die:
639 4363 817 4445 Domine,
843 4362 1010 4446 domine,
1035 4387 1158 4435 nonne
1171 4388 1237 4457 per
1251 4386 1388 4433 nomen

1438 4836 1641 4932 precationi
1683 4837 1877 4923 instantes,
1919 4836 2189 4909 necessitatibus
2229 4846 2440 4905 sanctorum

1440 4939 1767 5026 communicantes,
1798 4937 2080 5034 hospitalitatem
2109 4950 2294 5012 sectantes.
2366 4934 2440 5007 Be

1438 5069 1485 5116 ne
1500 5043 1703 5139 loquamini
1720 5047 1765 5114 de
1780 5044 1837 5130 iis,
1859 5044 1922 5141 qui
1938 5069 2003 5115 vos
2018 5045 2251 5124 insectantur,
2272 5040 2366 5110 bene
2380 5038 2441 5108 lo-

1439 5146 1625 5244 quamini,
1653 5146 1823 5241 inquam,
1850 5161 1885 5217 et
1907 5172 1954 5218 ne
1972 5148 2065 5218 male
2080 5143 2288 5239 precemini.
2339 5141 2440 5215 Gau·

1439 5251 1521 5322 dete
1554 5275 1636 5322 cum
1671 5251 1928 5344 gaudentibus,
1966 5264 2001 5322 et
2031 5251 2113 5322 flete
2149 5274 2231 5320 cum
2256 5245 2441 5330 flentibus,

1440 5355 1566 5426 eodem
1586 5354 1710 5424 animo
1728 5354 1790 5423 alii
1805 5354 1842 5423 in
1859 5354 1950 5426 alios
1967 5354 2105 5440 affecti,
2130 5377 2207 5422 non
2225 5360 2443 5443 arroganter

1440 5460 1484 5527 de
1507 5457 1609 5527 vobis
1631 5456 1717 5548 ipsis
1738 5458 1953 5537 sentientes,
1990 5458 2052 5530 sed
2076 5454 2273 5528 humilibus
2295 5476 2361 5525 vos
2381 5477 2443 5522 ac·

424 5541 457 5609 7)
476 5545 589 5602 omnis]
609 5543 660 5592 ιιι.
680 5543 757 5593 1⁶³0.
776 5547 838 5606 typ.
856 5555 969 5593 errore:
995 5545 1099 5596 onnes
1440 5585 1603 5597 .....-..
1627 5585 1634 5590 .

421 5630 456 5716 β)
477 5624 594 5694 treber,]
612 5628 663 5677 Ed.
682 5629 758 5681 tow.
776 5630 802 5678 ιι.
815 5630 833 5678 1.
852 5636 879 5679 et
898 5631 925 5679 in
944 5642 1038 5695 seqq:
1062 5634 1188 5698 lymber,
1477 5627 1508 5690 9)
1527 5632 1586 5689 est]
1605 5629 1654 5678 Ed.
1675 5630 1749 5680 15³⁰.
1768 5635 1828 5693 typ.
1847 5642 1961 5680 errore:
1985 5636 2030 5679 ast
