5125 6525
255 400 337 502 ogs
443 399 490 471 v.
540 374 799 468 ntsronnn
824 391 1070 487 ouaunsss
1096 389 1376 464 usuraria
1400 389 1552 463 lurae
1576 389 1811 464 runnrcas
1835 390 2118 468 nncrtonns.
2223 394 2301 473 ese

273 649 278 654 ,
362 570 456 646 XVI.
490 570 582 641 Cum
603 573 645 640 in
665 580 846 641 conventu
862 562 1169 659 Worrnatiensiff
1185 561 1253 634 Ec·
1303 558 1677 634 DaniacChristianus
1686 563 1741 657 (re
1756 566 1984 658 athemius),
1995 568 2128 663 quique
2138 580 2214 638 tum
2226 583 2303 640 erat
2420 601 2423 612 ·

260 676 336 750 cius
359 678 563 768 disputaret
587 698 669 744 cum
691 667 931 754 Lutheranis,
964 679 1152 760 praesente
1177 663 1257 736 rri-
1306 665 1343 736 in
1366 668 1447 738 aula
1465 661 1691 737 Marchionis
1712 664 1905 753 loaehimi,
1934 671 2080 742 accessit
2098 684 2133 741 et
2158 672 2196 741 in
2217 673 2303 743 lune

259 780 382 850 derico
398 777 499 848 Duce
515 776 714 860 saxoniae,
739 772 859 862 Laicis
879 795 955 842 non
978 796 1053 844 csse
1069 769 1257 862 porriqen-
1306 770 1390 838 leeit
1414 772 1563 842 nodum.
1617 766 1818 848 Monachus
1843 796 1925 843 cum
1947 777 2011 846 diu
2033 799 2071 845 se
2097 776 2304 846 abscondis.

260 886 350 954 dum
375 891 643 960 sacramentum
665 879 704 948 in
725 889 880 970 utraque
900 874 1054 967 speeie„
1080 872 1257 944 allocutus
1307 883 1380 955 set,
1405 885 1440 941 et
1455 896 1599 964 surgere
1616 873 1739 957 vellet,
1765 898 1831 943 nee
1847 874 1918 944 iam
1935 890 2056 968 posset
2072 891 2222 970 propter
2236 902 2304 948 no·

261 998 315 1056 est
330 984 412 1055 Dux
427 980 588 1066 Eccium,
615 1005 769 1075 eumque
785 975 1257 1069 interrogavit„quificret‚
1301 976 1416 1059 dum,
1449 975 1604 1045 clamare
1629 975 1809 1072 coepit'):
1849 975 1977 1049 Videte
2001 980 2172 1051 iniuriam
2195 981 2304 1072 pessi·

261 1088 361 1184 quod
391 1085 562 1176 Papistae
594 1078 830 1178 prohiberent
863 1080 1106 1178 sumptionem
1140 1101 1258 1150 saera-
1309 1102 1452 1147 morum
1476 1074 1790 1162 Lutheranorum,
1832 1080 1940 1151 etiam
1975 1083 2012 1151 in
2043 1084 2186 1174 publica
2219 1108 2304 1154 con·

260 1189 376 1260 menti
392 1187 432 1257 iu
448 1199 601 1280 utraque
617 1186 747 1278 specie,
771 1209 850 1254 cum
868 1195 989 1252 tamen
1004 1181 1074 1276 ipsi
1091 1205 1135 1252 en
1153 1192 1258 1250 utan·
1310 1179 1413 1250 cione
1428 1192 1463 1248 et
1479 1181 1516 1248 in
1533 1195 1725 1273 conspeetu
1739 1179 1981 1273 Imperatoris.
2033 1185 2156 1278 Quare
2173 1186 2306 1257 Caesar

261 1306 334 1365 tur·
385 1289 589 1383 Respondit
601 1283 746 1361 Eceius:
774 1285 844 1358 illis
860 1297 1001 1357 tautum
1016 1308 1092 1358 esse
1108 1284 1257 1352 manda-
1310 1284 1414 1353 valde
1430 1296 1631 1362 commotus
1653 1285 1754 1354 iussit
1769 1285 1904 1380 inquiri
1929 1286 2031 1357 istius
2053 1290 2107 1357 rei
2128 1304 2306 1361 autorem.

262 1409 354 1467 tum.
403 1392 461 1462 Ad
477 1388 566 1463 haec
580 1389 767 1484 respondit
781 1388 884 1472 Dux,
910 1384 1093 1478 Christum
1110 1384 1256 1457 dixisse:
1310 1385 1389 1456 Rex
1407 1410 1494 1456 vero
1514 1383 1739 1457 Christianus
1754 1390 1899 1459 accessit
1913 1386 2184 1473 Marchionem,
2211 1405 2247 1462 et
2267 1416 2306 1463 se

264 1520 390 1568 omnes
405 1491 474 1565 hoc
488 1493 594 1564 facite
610 1494 649 1562 in
667 1493 740 1564 mei
758 1485 1155 1562 commemorationem.
1195 1485 1258 1558 lllc
1311 1490 1348 1558 id
1363 1489 1486 1560 secisse
1506 1512 1582 1557 non
1597 1489 1818 1581 petulantiae
1840 1515 1967 1574 causa,
1998 1497 2059 1564 sed
2081 1507 2123 1564 ut
2146 1491 2306 1565 hominis

262 1599 462 1692 respondit:
492 1620 618 1667 omnes
634 1597 697 1672 nile
715 1581 943 1688 bicbctcttec„
985 1589 1040 1663 lbi
1062 1603 1188 1686 argute
1208 1590 1260 1658 eit
1312 1591 1497 1661 mirandas
1519 1591 1807 1683 gesticulationes
1829 1590 2128 1685 reprehenderet,
2161 1599 2305 1669 latetur.

263 1702 362 1773 Dux:
396 1701 493 1770 Alibi
513 1698 600 1770 dicit
616 1694 796 1769 Christus:
828 1719 904 1765 non
923 1703 1052 1768 omues'
1066 1693 1260 1788 intrabunt
1311 1689 1477 1764 Marchio
1491 1693 1602 1788 igitur
1618 1695 1763 1765 accessit
1780 1692 2062 1789 Imperatorem,
2084 1698 2189 1792 eique
2212 1699 2307 1768 indi·

263 1805 304 1874 in
325 1828 478 1894 regnum
502 1800 708 1884 coelorum,
752 1823 836 1892 ergo
860 1824 925 1869 vos
951 1797 1153 1869 sacerdotes
1183 1819 1259 1864 non
1313 1796 1426 1881 cavit,
1452 1796 1676 1867 etfacileira
1693 1797 1855 1869 Caesaris
1873 1799 2012 1892 placata
2029 1813 2093 1873 est.

263 1903 459 1977 intrabitis.
523 1904 582 1979 &o
607 1907 728 1979 oeten
754 1902 808 1997 ibt
836 1902 953 1995 inne:
974 1920 1014 1996 pt
1036 1905 1108 1976 ten
1127 1891 1260 2012 sscuffc't
1331 1967 1333 1972 ,
1415 1914 1508 1988 m,
1545 1916 1703 2010 Quidam
1728 1917 1870 1988 dicebat
1891 1922 1938 1990 ad
1960 1920 2006 1992 ῃ,
2021 1920 2073 1992 Μ,
2087 1881 2313 1993 Lethaeum:

264 2008 374 2103 futen·
488 2017 497 2027 '
1210 2097 1213 2102 ,
1313 2018 1498 2112 Quidnam
1514 2019 1716 2090 laciendum
1734 2035 1844 2106 esset,
1875 2047 1957 2093 cum
1983 2024 2161 2117 reperiret
2182 2025 2220 2093 in
2242 2047 2306 2096 sua

373 2121 482 2196 xvtl.
525 2124 615 2196 Cum
640 2124 804 2221 sequenti
827 2122 886 2195 die
910 2137 1001 2196 esset
1021 2121 1261 2217 pronuntiare·
1312 2121 1469 2194 Ecclesia
1495 2117 1685 2207 homines,
1718 2125 1781 2219 qui
1803 2126 1856 2198 20
1879 2128 1984 2198 annis
2008 2129 2259 2199 abstinuerunt
2284 2152 2307 2200 a

266 2233 333 2301 dus
347 2227 486 2301 Doctor
500 2227 609 2314 iuris,
635 2219 726 2297 dixit
739 2223 940 2299 Lutherus:
976 2225 1186 2314 Crasunova
1208 2224 1270 2296 vi·.
1313 2225 1560 2297 sacramentis.
1611 2225 1814 2317 Respondit
1836 2225 2036 2302 Lutherus:
2070 2231 2164 2308 Rau
2187 2229 2309 2324 tafific

264 2355 353 2427 pera
370 2329 551 2403 creabitur
566 2343 691 2402 eontra
706 2325 933 2422 Theologos;
961 2328 1051 2400 iuris
1072 2328 1169 2397 enim
1186 2339 1264 2398 stu·
1313 2349 1354 2420 stt
1367 2335 1438 2403 beot
1455 2324 1567 2417 teulfel
1583 2327 1691 2417 futen,
1706 2337 1772 2406 oab
1788 2349 1867 2405 toan
1885 2332 1926 2421 ste
1942 2329 2077 2422 sterben,
2104 2333 2138 2422 lo
2157 2337 2208 2426 leg
2224 2354 2305 2408 msa

267 2438 368 2508 dium
386 2448 439 2505 est
454 2434 562 2523 plane
577 2433 765 2502 sordidum
791 2431 1003 2515 artificium,
1035 2442 1069 2501 et
1090 2428 1159 2498 nisi
1182 2452 1271 2500 cru·.
1314 2431 1356 2521 ste
1391 2427 1456 2520 ettf
1480 2436 1542 2505 ben
1569 2428 1709 2524 toistct
1738 2435 1834 2527 plen·
1909 2435 2029 2506 Porro
2057 2438 2340 2526 interrogavit,-

265 2561 410 2609 menam
426 2535 594 2627 repleret,
621 2560 728 2603 nenio
745 2531 828 2604 huic
844 2532 963 2604 studio
979 2556 1129 2626 operam
1146 2534 1263 2616 daret,
1315 2556 1403 2603 num
1419 2529 1584 2604 homines
1598 2531 1806 2607 huiusmodi
1820 2537 1900 2628 cogi
1915 2536 2109 2636 debeant⁸)
2133 2539 2178 2608 ad
2194 2561 2315 2609 ncra-

267 2641 306 2710 in
324 2661 487 2723 summa,
515 2635 605 2713 Cute
621 2633 775 2726 &utilite
783 2686 796 2725 ,
822 2633 913 2726 §Bois
928 2631 1091 2732 Christro.
1315 2648 1490 2706 mentum.
1541 2635 1760 2728 Respondit:
1784 2638 1891 2725 Non,
1917 2642 2003 2736 quia
2019 2655 2072 2713 cst
2086 2642 2194 2735 plane
2209 2641 2313 2734 papi·

371 2753 496 2830 XVlll.
536 2756 633 2828 Civis
666 2756 815 2851 quidam
834 2754 1157 2847 {Norimbergensis
1186 2776 1263 2822 ma·
1314 2739 1457 2810 altum·

268 2886 360 2953 gnus
388 2859 613 2953 negotiator,
645 2884 727 2930 cum
751 2858 797 2931 D.
822 2859 873 2931 Μ.
895 2854 1076 2940 Lutherus
1096 2856 1265 2928 edidisset
1333 2931 1335 2936 ,
1417 2854 1527 2932 Xllll.
1555 2856 2313 2957 Ann01619.venitquidamporr'gens

266 2967 402 3035 librum
419 2965 463 3033 de
478 2963 617 3046 usuris,
648 2962 687 3030 in
711 2964 792 3032 foro
808 2960 1029 3053 Noribergae
1049 2958 1189 3032 adstitit
1210 2959 1273 3030 bi·.
1315 2958 1477 3032 hutbero
1503 2964 1688 3048 dextram,
1721 2988 1830 3059 quam
1856 2967 1993 3057 excepit
2007 2964 2165 3061 Ductor,
2195 2966 2313 3036 duxit·

267 3065 451 3160 bliopolis.
500 3062 555 3138 lbi
571 3065 662 3135 alius
676 3065 824 3159 quidam
837 3067 974 3135 facetus
987 3064 1136 3148 accedit,
1156 3062 1263 3134 dixit:
1316 3090 1387 3159 que
1402 3090 1485 3137 eum
1501 3067 1548 3133 ad
1563 3091 1665 3137 suam
1680 3062 1955 3137 habitationem.
2014 3065 2174 3138 lsdixit:
2209 3068 2320 3146 fisis:

267 3169 419 3240 Librum
435 3181 539 3240 tuum
558 3193 623 3238 vos
640 3168 758 3259 legere
782 3180 944 3260 oportet,
979 3168 1036 3237 cui
1059 3166 1263 3259 respondit:
1317 3169 1416 3243 tiebat
1439 3168 1531 3261 &aar
1555 3170 1707 3256 Doctot,
1742 3169 1822 3264 rutel)
1844 3173 2014 3258 nauseet,
2057 3177 2121 3246 hoe
2146 3174 2179 3245 it
2206 3173 2313 3245 sinent

267 3275 394 3345 Bonus
411 3272 470 3342 ille
487 3286 592 3365 pater
606 3266 923 3363 Lutheruspotius
939 3270 978 3340 in
994 3272 1142 3365 aliquod
1156 3280 1266 3361 caput
1317 3275 1407 3347 isoes
1432 3269 1465 3361 lo
1489 3272 1561 3347 batt
1582 3276 1630 3348 tie
1656 3272 1776 3367 ‚haubi
1797 3274 1912 3366 teitbt,
1946 3277 2009 3349 uie
2028 3292 2102 3349 teet:
2128 3274 2202 3371 ceo
2224 3277 2312 3349 tinet

267 3375 415 3448 loannis
443 3376 660 3469 scripsisset,
702 3388 738 3446 et
758 3368 839 3471 hoc
864 3374 1049 3467 negotium
1073 3376 1120 3443 de
1147 3372 1265 3444 usuris
1317 3376 1379 3449 snit
1401 3377 1489 3449 eiust
1506 3376 1599 3469 luget
1623 3372 1787 3470 etldpttfie,
1820 3377 1947 3451 hietotil
1967 3376 2013 3470 id)
2035 3378 2135 3452 allelu
2159 3378 2217 3469 bet>
2239 3376 2313 3473 tud)

268 3476 359 3550 mihi
374 3480 601 3561 mandasset,
626 3476 710 3571 quia
726 3476 801 3568 ipse
818 3488 876 3559 est¹
890 3476 1038 3567 ignarus
1059 3469 1167 3546 huius
1190 3498 1265 3545 ma·
1318 3476 1399 3557 bist
1438 3477 1539 3547 Dixit
1554 3479 1709 3547 Ductor:
1737 3479 1796 3555 &o
1822 3477 1907 3568 ntuli
1927 3480 1957 3553 it
1980 3481 2055 3575 bod)
2076 3479 2155 3576 oud)
2177 3479 2313 3570 lietbett.

269 3585 394 3654 teriae.
920 3650 924 3673 ,
1319 3581 1519 3673 Respondit
1536 3583 1645 3651 alter:
1673 3583 1765 3657 illan
1782 3589 1843 3657 boe
1861 3580 2025 3676 gelduba,
2052 3581 2086 3673 l⁰
2109 3582 2215 3679 maht
2234 3580 2321 3677 etto,

371 3696 464 3771 xlx.
508 3698 674 3770 Clemens
702 3696 902 3791 Episcopus
927 3697 1140 3788 Mogontius
1167 3697 1267 3768 venit
1319 3690 1374 3758 lli
1401 3679 1508 3778 *Daph
1538 3704 1578 3775 att
1609 3687 1712 3759 ‘luem
1744 3685 1914 3780 &silibet
1944 3693 2010 3763 tul>
2041 3689 2115 3781 Μ)
2141 3708 2179 3779 l¹¹
2208 3690 2314 3775 ‘illm

271 3807 319 3874 ad
342 3802 532 3875 Caesarem
566 3815 809 3896 conquerens,
851 3802 1128 3896 quodpopulus
1154 3801 1267 3871 nollet
1319 3787 1422 3878 lebet.
1483 3786 1547 3857 llis
1571 3789 1702 3859 auditis
1724 3792 1910 3858 accersivit
1924 3786 2105 3861 Lutherus
2121 3789 2321 3882 Wolfgan-·

270 3906 340 3980 sibi
354 3905 519 3979 assentiri
536 3906 575 3976 in
591 3902 712 3976 libello
731 3904 897 3988 interim,
929 3927 1041 3998 quare
1064 3904 1169 3996 petiit
1188 3903 1268 3977 beri
1319 3915 1401 3981 gum
1418 3889 1593 3959 famulum
1610 3916 1737 3976 suum,
1763 3904 1800 3961 et
1814 3894 1905 3963 alter
1919 3893 1979 3963 ille
1996 3919 2082 3964 rnox
2104 3918 2148 3964 ex
2170 3894 2314 3964 civitate

271 4008 516 4082 executionem
541 4009 672 4101 gladio.
739 4003 842 4081 Nihil
864 4006 962 4077 aliud
988 4006 1122 4079 Caesar
1150 4007 1184 4076 ei
1211 4030 1267 4077 re-
1318 3992 1489 4064 dltcssssssll·
2072 4088 2074 4095 Ι

270 4112 434 4207 spondit:
461 4111 657 4186 Estmalus
671 4124 813 4204 pastor,
840 4111 995 4206 quivult
1011 4134 1193 4181 suasores
1208 4134 1267 4180 oe·
1422 4107 1547 4182 XXlll.
1582 4110 1672 4181 Cum
1690 4107 1881 4205 Philippus
1895 4115 1964 4184 iter
1982 4116 2116 4183 laceret
2138 4136 2210 4183 una
2232 4137 2315 4185 cum
2344 4174 2348 4187 .

272 4218 354 4287 cidi.
407 4214 491 4309 Quo
510 4216 607 4287 dicto
630 4214 804 4286 indicavit
824 4209 983 4285 hominis
1006 4214 1152 4285 stultam
1177 4212 1268 4306 peti·
1319 4214 1565 4285 visitatoribus
1588 4215 1815 4286 ecclesiarum
1844 4219 1889 4285 ad
1905 4215 2127 4306 Eisenburg‚
2160 4237 2228 4284 nec
2249 4213 2315 4285 sci·

271 4321 421 4390 tionem.
1042 4396 1044 4401 ¹
1321 4332 1401 4388 rent
1428 4318 1546 4401 viam,
1578 4342 1686 4411 eques
1709 4319 1880 4390 accedens
1893 4319 2072 4410 ,rusticum
2094 4312 2316 4407 Thuringia-

375 4418 451 4490 Xll.
483 4417 525 4490 ln
541 4433 722 4492 conventu
735 4418 1002 4493 Wormatiensi
1019 4443 1101 4490 cum
1118 4416 1266 4513 quidam
1321 4446 1428 4506 num,
1462 4445 1615 4516 eumque
1639 4423 1683 4489 de
1706 4421 1765 4493 via
1790 4421 2044 4514 interrogavit;
2086 4433 2165 4490 erat
2191 4432 2312 4489 autem

271 4518 477 4594 Monachus
493 4521 689 4595 Caesareae
710 4521 891 4594 Maiestati
910 4522 1206 4606 concionaretur,
1233 4533 1268 4591 et
1320 4521 1446 4594 hiems.
1499 4524 1700 4616 Respondit
1716 4527 1888 4596 rusticus:
1916 4524 1950 4596 Ο
1973 4549 2039 4616 ego
2062 4536 2158 4594 certe
2180 4522 2322 4609 nescio,¹

272 4627 500 4699 mirabilibus
512 4612 673 4699 uteretur
687 4626 843 4719 gestibus
856 4651 1038 4719 exponens
1050 4625 1139 4695 illud
1148 4622 1268 4695 Euan·
1320 4629 1380 4699 sed
1406 4627 1595 4722 quisunt,
1629 4627 1691 4722 qui
1712 4632 1838 4700 sedent
1860 4629 1898 4696 in
1921 4627 2054 4699 curru?
2112 4625 2316 4718 Respondit

273 4731 423 4824 geliuru:
451 4727 634 4800 Modicum
652 4742 687 4800 et
705 4728 872 4802 videbitis
890 4756 966 4817 me,
993 4728 1174 4800 etiterum
1192 4753 1267 4797 rno-
1322 4756 1447 4827 eques:
1474 4730 1566 4801 Sunt
1586 4732 1762 4804 doctores.
1813 4728 1960 4831 Vah!⁰)
1988 4730 2125 4827 (inquit
2144 4727 2315 4824 rusticus)

273 4836 394 4906 dicum
410 4860 486 4904 non
504 4833 672 4906 videbitis
687 4831 817 4929 me⁸·),
835 4846 870 4902 et
885 4858 983 4904 nunc
1000 4857 1038 4904 se
1054 4833 1214 4933 abderet,
1230 4845 1270 4902 ut
1321 4847 1404 4905 sunt
1420 4836 1598 4920 doctores,
1619 4859 1686 4904 nec
1700 4848 1838 4907 tantum
1857 4836 2073 4918 didicerunt,
2096 4845 2136 4905 ut
2152 4844 2325 4924 ternpore¹

274 4937 429 5028 amplius
451 4963 529 5009 non
551 4936 834 5032 conspiceretur,
868 4959 1022 5031 cumque
1045 4960 1201 5019 asseres,
1227 4959 1268 5005 ex
1321 4933 1450 5009 hiemis
1474 4941 1574 5009 domi
1594 4967 1631 5013 se
1654 4938 1887 5010 contineant?
1914 4964 1980 5033 ego
2001 4965 2080 5011 sum
2105 4936 2258 5010 rusticus
2281 4946 2317 5006 et

274 5038 406 5134 quibus
437 5054 640 5135 suggestum
671 5041 910 5133 compositum
941 5051 1035 5122 erat,
1074 5062 1149 5123 non
1178 5039 1268 5109 benc
1323 5054 1444 5110 tamen
1463 5045 1553 5113 adeo
1571 5045 1727 5137 peritus,
1751 5043 1847 5114 utin
1864 5056 1998 5114 aestate
2015 5054 2157 5112 tanturn
2180 5039 2316 5109 victum

274 5143 453 5233 compacti
478 5157 614 5231 essent,
649 5145 711 5215 sed
734 5142 883 5238 aliquod
902 5142 1068 5212 foramen
1092 5140 1269 5224 relictum,
1323 5168 1550 5237 comparem,
1591 5174 1663 5243 quo
1697 5172 1754 5216 me
1786 5145 1823 5214 in
1856 5142 1974 5217 hieme
1997 5149 2108 5216 domo
2132 5143 2317 5216 continere

273 5250 367 5316 sorte
387 5247 531 5337 fortuna
556 5248 670 5331 lunis,
703 5274 775 5343 quo
793 5240 995 5316 Monachus
1016 5242 1156 5314 'cinctus
1180 5257 1270 5328 erat,
1323 5248 1469 5340 possim.

274 5373 340 5442 per
356 5347 444 5419 illud
464 5350 614 5436 decidit,
642 5376 794 5446 cumque
812 5349 848 5417 id
872 5346 1184 5417 animadvertisset
1207 5372 1271 5417 rex
1327 5396 1388 5404 ----

1357 5438 1515 5534 theospis]
1533 5468 1617 5521 Goth:
1643 5468 1717 5533 oepit

310 5550 341 5617 s)
360 5553 580 5614 wormatiensi]
600 5553 666 5604 cod.
686 5554 712 5607 b.
728 5553 747 5600 t.
768 5554 796 5600 et
811 5551 839 5600 tn
858 5551 922 5602 ttst.
937 5550 1018 5600 xxa
1042 5549 1252 5602 Wnrnaoteusl
1357 5550 1389 5617 8)
1407 5554 1540 5614 debeant]
1559 5555 1644 5607 cod:
1672 5555 1771 5605 dotem

310 5641 361 5708 sa)
380 5645 461 5697 cont.
480 5645 538 5694 lob.
558 5642 601 5708 16,
622 5644 664 5694 16.
1360 5639 1392 5697 9)
1409 5638 1503 5701 Vetti]
1521 5638 1604 5692 cod:
1629 5640 1706 5690 Vesta
