5125 6525
262 455 341 530 807
890 447 1248 523 snutraunrt'ra
1272 450 1340 523 All
1365 447 1508 523 volax.
1532 447 1659 523 l-x.
2236 449 2298 527 Μ

261 624 368 698 dario
382 622 599 716 adscriptum
615 618 783 709 babebis,
806 621 915 693 etiam
930 620 1143 694 sententiam
1164 621 1252 693 scria
1301 640 1385 695 aare
1406 621 1563 694 efficiunt
1584 619 1836 707 alterationes,
1873 634 1972 694 ortus
1997 633 2036 693 et
2058 643 2223 694 occams
2243 623 2296 695 (le-

263 740 411 820 ptorum
428 726 568 818 plenius
581 726 794 820 assequeris.
1301 725 1431 797 smicos
1453 737 1489 794 et
1502 719 1736 819 Acronycbos
1748 721 1802 821 ⁸),
1835 735 1877 796 ut
1897 737 2108 810 vocantur,
2148 741 2293 798 estmoe

367 827 464 898 Idem
487 828 558 898 dici
579 841 697 919 potest
715 831 760 899 de
781 826 920 898 ortibus
936 838 971 895 et
990 824 1173 897 occasibus
1187 825 1252 894 ali·
1301 837 1529 911 numeratos,
1556 851 1623 898 suo
1637 823 1854 897 calendario
1873 826 2056 912 inserere,
2088 828 2147 898 ita
2174 839 2217 899 ut
2231 853 2292 898 coe

265 943 355 1028 quot
374 931 557 1003 stellarum
581 932 755 1017 lixarum,
781 930 910 1025 quibus
930 928 1017 1020 ipsis
1032 952 1175 1022 quoque
1192 952 1252 996 ve·
1302 941 1434 1021 gruant
1456 940 1594 999 etcum
1616 929 1707 1013 situ,
1732 953 1839 1024 quern
1858 926 1994 1000 babent
2008 930 2149 1002 stellae
2166 926 2295 1002 hacne

264 1044 356 1106 teres
377 1033 417 1104 in
436 1032 676 1126 descriptione
691 1033 778 1106 certi
794 1031 967 1122 temporis
980 1029 1036 1103 usi
1050 1042 1151 1114 sunt,
1176 1054 1251 1098 non
1302 1044 1375 1103 stra
1401 1043 1534 1115 aetate,
1563 1044 1598 1101 et
1622 1056 1703 1101 cum
1725 1031 1795 1101 loci
1819 1030 1895 1104 eins
1914 1027 2148 1118 horizonte,
2182 1034 2222 1103 in
2242 1057 2296 1129 qno

263 1135 388 1220 aliter,
419 1160 526 1229 qnam
554 1160 620 1207 nos
642 1135 825 1228 mentione
850 1134 999 1205 alienius
1013 1131 1146 1215 sancti,
1171 1130 1251 1226 ut⁸)
1303 1134 1383 1227 quis
1399 1157 1436 1203 se
1453 1157 1662 1205 mansurum
1680 1133 1903 1228 aliquamdiu
1915 1148 2054 1228 sperat.

262 1234 468 1322 Michaelis,
491 1236 640 1308 Martini
663 1252 726 1309 aut
744 1237 888 1321 similis,
918 1236 1013 1305 diem
1033 1232 1163 1304 mensis
1178 1256 1251 1304 cer·
1407 1234 1555 1324 Cuins⁹)
1578 1236 1631 1306 rei
1656 1249 1696 1305 nt
1716 1238 1918 1328 exemplum
1941 1237 2167 1310 iunioribus
2183 1261 2297 1332 propo

264 1352 341 1412 tum
365 1340 524 1410 indicare
541 1341 708 1412 solemus.
760 1338 927 1411 Proderit
943 1338 1052 1429 igitur
1066 1336 1146 1406 illos
1163 1360 1252 1430 qno-
1302 1360 1440 1421 nerem,
1455 1338 1658 1431 aliquarum
1674 1338 1866 1409 Stellarum
1884 1352 1986 1411 onus
2003 1353 2042 1410 et
2060 1365 2296 1413 occasuseun

264 1468 334 1538 que
351 1456 449 1513 ortus
465 1455 500 1512 et
518 1467 661 1515 occasus
677 1457 825 1527 veteres,
842 1454 1017 1537 quatenus
1030 1464 1087 1509 res
1104 1439 1252 1529 patitur,
1303 1439 1405 1522 Sole,
1441 1453 1676 1530 congruentes
1699 1443 1746 1510 ad
1771 1442 2011 1513 elevationem
2037 1444 2126 1535 poli
2152 1443 2296 1515 Viteber·

264 1557 456 1616 annotatos
478 1545 516 1613 in
532 1546 747 1617 Calendario
769 1541 921 1626 habere,
948 1554 987 1612 ut
1012 1555 1152 1632 tempus
1169 1539 1253 1610 sciri
1303 1564 1466 1632 gensem,
1505 1565 1598 1634 quae
1622 1543 1659 1614 8.
1682 1543 1757 1614 lere
1785 1545 1933 1616 minutis
1959 1546 2070 1617 abest
2092 1548 2148 1617 ab
2170 1546 2296 1639 integris

263 1646 396 1739 possit,
423 1648 519 1741 quod
543 1674 607 1740 per
630 1661 751 1718 ortum
764 1648 884 1718 stellae
903 1657 965 1714 ant
979 1668 1142 1713 oceasum
1157 1666 1176 1711 a
1194 1666 1253 1712 ve·
1303 1644 1472 1734 gradibus
1495 1644 1755 1738 quinquaginta
1777 1648 1936 1731 duobus,
1962 1649 2080 1720 certis
2108 1650 2297 1721 diebussd-

263 1749 465 1823 tustissimis
485 1750 554 1819 fnit
576 1751 812 1841 designatum.
862 1747 971 1818 Cuius
987 1744 1253 1815 consuetudinis
1303 1746 1450 1837 scripsi,
1476 1770 1561 1817 usus
1577 1746 1767 1817 Stellarum
1782 1749 1869 1820 locis
1890 1750 2103 1823 emendatis
2129 1751 2299 1823 iuxtalo

262 1847 352 1921 haec
372 1851 532 1922 fortassis
554 1851 674 1945 aliqua
699 1875 802 1922 causa
818 1850 904 1934 suit,
936 1852 1032 1943 quod
1049 1848 1253 1939 scriptores,
1304 1848 1440 1939 pernici
1463 1849 1749 1934 observationes,
1784 1875 1854 1945 qua
1878 1852 1918 1921 in
1938 1877 1980 1922 re
2007 1854 2168 1925 adiutus
2192 1879 2298 1927 sums

265 1952 329 2049 qui
349 1977 412 2025 sua
436 1966 668 2023 monumenta
693 1953 732 2022 in
752 1953 909 2046 plurium
932 1952 1149 2043 populorum
1173 1974 1253 2018 ma·
1305 1950 1383 2018 viro
1414 1949 1621 2021 doctissimo
1654 1951 1706 2023 M.
1731 1951 1883 2025 Erasmo
1914 1952 2142 2028 lleinboldo
2183 1957 2301 2029 salvet

263 2080 332 2126 nus
346 2068 560 2146 perventura
580 2081 654 2127 esse
670 2057 861 2126 credebant
876 2068 939 2125 aut
952 2054 1157 2145 sperabant,
1171 2076 1251 2120 cum
1304 2051 1425 2135 densi,
1464 2048 1727 2125 Mathematum
1754 2053 1962 2128 Professore
1992 2060 2154 2150 publico
2184 2062 2221 2130 in
2245 2057 2301 2132 hac

263 2159 440 2228 mensium
457 2159 770 2250 appellationibus,
793 2172 854 2228 aut
870 2159 1041 2229 festorum
1058 2153 1253 2237 mentione,
1303 2154 1516 2239 Academia,
1542 2158 1585 2225 de
1601 2156 1700 2227 cuins
1716 2160 1865 2230 eruditis
1879 2159 2210 2235 lucubrationibus
2230 2187 2309 2257 pro-⁴

264 2283 356 2357 quae
378 2260 526 2352 singulis
546 2263 656 2330 ferme
671 2261 871 2330 civitatibus
889 2271 992 2329 erant
1008 2255 1199 2349 peculiaria
1218 2267 1253 2324 et
1304 2256 1445 2347 pediem
1473 2258 1510 2325 in
1541 2260 1655 2328 lucem
1687 2260 1796 2330 exibit
1823 2263 1910 2334 utile
1941 2276 1978 2333 et
2013 2268 2148 2358 magni
2176 2267 2302 2338 laboris

263 2362 425 2447 diversa,
466 2375 578 2434 certas
605 2364 691 2432 anni
715 2375 834 2454 partes
859 2386 999 2453 semper
1020 2360 1178 2428 indicare
1201 2357 1251 2426 ita
1305 2383 1414 2450 opus,
1440 2360 1629 2431 continens
1643 2373 1744 2433 ortus
1758 2376 1792 2432 et
1810 2387 1967 2450 occasus,
1998 2367 2092 2436 item
2111 2371 2301 2462 apparitio-

265 2467 453 2534 commode
469 2489 543 2533 non
558 2478 726 2556 possent,
750 2466 958 2555 delegerunt
973 2461 1090 2533 stellas
1115 2460 1253 2554 aliquot
1304 2484 1367 2531 nes
1381 2472 1416 2529 et
1429 2463 1684 2533 occultationes
1701 2467 1813 2536 multo
1830 2467 1990 2557 plurium
2009 2468 2229 2558 Stellarum,
2257 2474 2299 2541 ad

264 2566 439 2657 insignes,
474 2590 627 2660 quarum
650 2580 750 2638 ortus
775 2580 809 2635 et
833 2591 996 2649 occasus,
1022 2563 1119 2654 vulgi
1143 2555 1250 2632 etiam
1304 2562 1421 2632 varias
1434 2564 1509 2653 poli
1527 2566 1743 2639 elevationes
1760 2581 1796 2638 et
1811 2569 1951 2640 climata
1969 2589 2231 2665 congruentes.

265 2668 376 2739 oculis
400 2668 604 2760 conspicui,
631 2682 666 2740 et
690 2670 880 2740 observatu
899 2670 1039 2750 faciles,
1064 2666 1102 2734 in
1115 2664 1252 2758 praeci·
1406 2663 1475 2735 Sed
1496 2663 1555 2737 hic
1574 2692 1722 2739 monere
1743 2672 1985 2745 adolescentes
2005 2677 2133 2763 volui,
2159 2704 2238 2752 cum
2251 2680 2299 2751 le·

264 2794 419 2864 puarnm
441 2772 680 2842 mutationum
706 2771 792 2844 anni
817 2770 916 2840 initia
936 2775 1124 2850 caderent,
1153 2780 1192 2836 nt
1208 2766 1252 2838 iis
1304 2779 1388 2857 gent
1405 2766 1443 2836 in
1461 2765 1530 2839 hoc
1544 2770 1665 2840 libello
1682 2785 1783 2845 ortus
1797 2788 1833 2843 et
1847 2798 1994 2847 occasus
2016 2782 2222 2854 matutinos
2242 2795 2296 2854 aut

264 2873 474 2955 nominatis,
495 2875 614 2944 statim
631 2888 724 2945 certa
739 2897 822 2967 pars
840 2873 925 2941 amni
942 2867 1251 2963 intelligeretur0).
1305 2871 1538 2961 vespertinos,
1563 2886 1603 2943 ut
1618 2873 1698 2945 illos
1713 2888 1852 2946 tantum
1870 2877 2091 2972 intelligant,
2119 2909 2213 2979 quos
2229 2887 2297 2956 vul·

366 2975 423 3042 Aa
446 2999 524 3042 earn
547 3000 624 3044 rem
650 2988 863 3046 censuerunt
885 2976 1032 3044 idoneas
1055 2997 1096 3040 ex
1113 2972 1250 3039 infinita
1304 2994 1348 3060 go
1364 2972 1401 3039 in
1416 2970 1546 3045 scholis
1561 2990 1691 3045 vocant
1707 2978 1888 3050 Cosmicos
1903 2993 1940 3049 et
1952 2983 2210 3080 Acronycbos‚
2229 3013 2298 3059 non·

264 3074 493 3146 multitudine
523 3078 704 3148 stellarum
736 3078 836 3146 coelo
865 3073 1149 3156 inhaerentium,
1188 3069 1252 3142 bas
1305 3072 1480 3145 Heliacos.
1542 3076 1672 3147 Ortum
1706 3082 1802 3151 enim
1836 3084 2057 3157 matutinum
2090 3091 2295 3162 vocabimus

262 3180 355 3249 fere:
399 3177 581 3264 Pleiades,
615 3205 768 3276 quarum
790 3192 889 3249 ortus
915 3180 1111 3249 matutinus
1135 3188 1252 3245 aesta·
1303 3175 1433 3245 Stellae
1468 3201 1651 3248 ascensum
1687 3208 1795 3275 snpra
1823 3185 2058 3259 llorizontem
2089 3216 2176 3261 mam
2204 3194 2294 3277 Sole,

264 3293 357 3364 tem,
383 3304 528 3353 occasus
545 3285 742 3355 matutinus
757 3280 922 3377 hyemem
941 3279 1111 3353 inchoare
1133 3280 1251 3349 crede·
1303 3303 1409 3372 quern
1434 3279 1660 3354 Ptolemaeus
1689 3285 1951 3385 συνανατολὴν
1974 3290 2073 3365 tow
2097 3291 2297 3392 ἀληθινὴν

263 3385 386 3464 batum
427 3382 582 3470 Canem,
614 3386 713 3457 cuius
744 3400 844 3459 ortus
870 3386 1067 3458 matutinus
1092 3382 1250 3452 medium
1304 3383 1476 3472 appellat;
1511 3399 1629 3455 ortum
1647 3412 1733 3458 vero
1752 3393 2003 3481 vespertinum,
2019 3392 2148 3464 Stellae
2163 3421 2292 3468 ascen·

264 3484 426 3569 aestatis,
452 3500 487 3556 et
509 3488 787 3560 intensissimum
811 3502 947 3559 aestum
963 3487 1151 3566 afferebat;
1183 3485 1251 3553 Ar·
1302 3509 1381 3553 sum
1404 3511 1510 3577 supra
1535 3488 1791 3577 Horizontem,
1829 3495 1891 3587 qui
1923 3498 1965 3566 fit
1982 3495 2063 3567 Sole
2090 3499 2292 3583 occidente,

218 3669 221 3676 ¹
264 3600 423 3671 ctutum,
455 3590 555 3660 cuius
577 3603 676 3662 ortus
704 3591 899 3663 matutinus
921 3590 1084 3663 autumni
1107 3586 1248 3657 initium
1303 3586 1365 3678 qui
1397 3611 1417 3655 a
1449 3589 1657 3662 Ptolemaeo
1692 3596 1824 3666 dicitur
1861 3595 2100 3695 συνανατολὴ
2144 3597 2292 3703 inuade

265 3700 301 3758 et
321 3688 523 3759 vindemiae
545 3706 684 3784 tempus
706 3693 947 3789 nuntiaba17).
997 3692 1050 3765 lta
1074 3691 1249 3761 maiorem
1303 3686 1476 3785 ἀληθινή.

263 3796 403 3881 partein
426 3791 537 3882 anni,
558 3819 648 3887 quae
673 3798 832 3867 continet
847 3809 986 3889 tempus
1006 3796 1159 3866 maxime
1174 3792 1250 3861 ido·
1404 3795 1542 3866 llursus
1564 3820 1629 3887 per
1651 3822 1814 3871 occasum
1830 3805 2052 3875 matutinum
2067 3806 2225 3901 intelligi
2237 3832 2292 3877 vo·

262 3914 391 3976 neum,
423 3916 497 3960 non
528 3905 667 3964 tantum
698 3898 803 3969 rebus
828 3899 1053 3969 nascentibus
1078 3910 1250 3977 exterra,
1303 3893 1418 3964 lumus
1437 3899 1566 3968 Stellae
1587 3903 1795 3974 descensum
1821 3905 1912 3975 inira
1935 3908 2181 3982 llorizontem
2206 3924 2291 3995 tunc,

263 3995 324 4065 sed
343 3994 691 4086 peregrinationibus
713 4000 842 4084 etiam,
869 4000 1154 4092 expeditionibus
1177 3998 1250 4066 bel·
1303 4021 1382 4064 cnm
1396 3997 1458 4067 Sol
1481 4001 1613 4086 oritur,
1640 4031 1747 4099 quem
1764 4009 1989 4082 Ptolemaeus
2014 4014 2192 4087 nominat
2211 4035 2293 4115 cnsp*

261 4096 359 4175 licis,
396 4109 430 4166 et
452 4096 530 4169 aliis
552 4101 658 4170 rebus
680 4103 863 4193 gerendis,
890 4103 1138 4174 discernebant
1157 4102 1249 4170 anti·
1300 4092 1509 4176 κατάδυσιν
1542 4098 1642 4179 eder
1673 4105 1877 4206 dlpdssrim
1919 4138 1983 4204 per
2016 4140 2191 4188 occasum
2215 4140 2290 4187 vero

262 4198 424 4293 quissimi
458 4193 586 4271 barum
623 4205 734 4275 senne
761 4206 942 4276 stellarum
971 4208 1107 4279 ortibus
1130 4218 1165 4276 et
1191 4231 1249 4276 oc·
1303 4206 1564 4292 vespertinum,
1605 4211 1734 4282 Stellae
1757 4217 1962 4286 descensum
1991 4218 2087 4287 inira
2119 4221 2291 4291 Hor-iron-

261 4300 400 4373 casibus
424 4304 678 4394 apparentibus
700 4332 805 4379 mane
829 4322 892 4379 aut
917 4311 1068 4402 vesperi.
1120 4308 1247 4378 Postea
1301 4316 1390 4388 tent,
1417 4332 1496 4377 cum
1518 4312 1600 4382 Sole
1623 4315 1825 4400 occidente,
1851 4319 1911 4412 qni
1929 4321 2026 4409 apud
2042 4321 2290 4395 Ptolemaeum

260 4403 402 4499 sequuti
422 4405 484 4473 alii
510 4407 725 4489 addiderunt
748 4411 905 4503 plurium
924 4413 1105 4483 stellarum
1126 4412 1251 4482 obser·
1300 4418 1352 4477 est
1373 4411 1649 4510 ovyxaroidvosc
1671 4415 1821 4515 ἑσπερία
1842 4416 2015 4515 diademis
2068 4422 2152 4499 llos
2176 4441 2288 4497 auten

260 4508 441 4589 vationes,
476 4510 618 4605 aliaque
646 4535 776 4602 genera
807 4527 971 4599 ortuum,
1004 4540 1079 4585 non
1107 4528 1246 4584 tantum
1301 4523 1400 4584 ortus
1434 4530 1469 4584 et
1503 4542 1646 4591 occasus
1681 4521 1762 4590 ideo
1797 4525 2022 4614 potissimum
2059 4531 2291 4625 sumpsimus,

260 4617 301 4675 ut
316 4607 386 4677 illis
401 4622 562 4703 tempora
582 4614 861 4707 distinguerent,
888 4620 947 4687 sed
972 4620 1077 4687 etiam
1101 4630 1140 4689 nt
1159 4630 1247 4687 tem·
1299 4618 1396 4708 quod
1412 4620 1627 4710 experientia
1645 4635 1802 4708 constat,
1827 4629 1953 4697 Stellas
1969 4627 2079 4699 sirnnl
2094 4633 2158 4702 vel
2176 4656 2292 4703 ascen-

259 4720 436 4798 pestatum
461 4737 584 4785 causas
606 4719 874 4810 quodammodo
904 4735 1247 4810 praemonstrarent,
1298 4721 1421 4791 dentes
1436 4723 1492 4790 vel
1506 4725 1760 4798 descendentes
1774 4752 1854 4798 cum
1870 4729 1951 4801 Sole
1970 4743 2034 4801 aut
2054 4754 2101 4802 ex
2126 4737 2292 4829 opposito

259 4822 300 4879 nt
316 4824 453 4882 constat
471 4839 513 4885 ex
527 4816 637 4887 Plinii
657 4820 716 4891 18.
733 4820 825 4891 libro
842 4836 876 4891 et
891 4820 1065 4895 Columel.
1081 4825 1140 4895 11.
1155 4836 1189 4893 et
1205 4849 1247 4895 ex
1298 4825 1462 4894 miranda
1486 4838 1522 4895 et
1543 4830 1680 4899 occulta
1699 4818 1734 4898 vi
1752 4843 1901 4904 naturae
1919 4833 2089 4920 excitari,
2118 4850 2158 4907 et
2173 4840 2292 4911 stimu-

259 4910 381 4981 Ovidii
397 4939 457 4984 sex
472 4917 646 4990 fastorum
662 4922 773 4995 libris.
1297 4926 1365 4996 lari
1379 4928 1493 5022 quasi,
1510 4942 1549 4999 nt
1564 4933 1738 5004 efficacius
1754 4946 1981 5026 tempestates
1991 4950 2153 5013 mittent.
2182 4942 2290 5013 Prod-

362 5016 430 5085 Sed
453 5033 624 5108 poterunt
643 5025 792 5096 studiosi
818 5026 1058 5101 adolescentes
1072 5024 1166 5101 hanc
1182 5054 1245 5099 an·
1297 5031 1365 5099 erit
1394 5030 1503 5121 igitur
1530 5033 1696 5105 nonnihil
1723 5032 1810 5106 haee
1842 5052 1984 5111 ortuum
2016 5047 2220 5116 annotatio
2250 5048 2288 5116 ad

258 5115 434 5209 tiquitatis
453 5122 672 5213 diligentiam
690 5127 891 5216 imitantes,
917 5145 952 5202 et
968 5132 1037 5202 iarn
1054 5133 1244 5220 dictarum,
1296 5132 1466 5203 iudicium
1489 5135 1535 5204 de
1557 5140 1845 5230 tempestatibus,
1884 5165 1972 5237 quas
1998 5156 2128 5215 tamen
2152 5170 2232 5221 non
2252 5153 2290 5221 ab

257 5229 293 5288 et
316 5219 467 5291 aliarum
489 5225 645 5314 plurium
669 5232 872 5319 stellarum,
913 5260 1004 5329 quae
1030 5235 1184 5329 insignes
1205 5236 1243 5305 in
1296 5232 1363 5305 bac
1379 5236 1454 5307 sola
1469 5262 1572 5309 causa
1590 5246 1746 5332 pendere
1762 5245 1892 5314 eruditi
1912 5268 2035 5318 omnes
2053 5249 2237 5351 edunt').

288 5419 321 5489 ⁶)
340 5424 386 5484 ut]
404 5422 446 5474 ⁸¹0
462 5425 514 5476 1³⁴¹·
527 5425 571 5491 a,
594 5429 629 5478 aa
646 5430 696 5480 Ed·
710 5431 734 5482 ¹·
754 5434 843 5487 abest.
1328 5452 1361 5513 ε)
1381 5451 1613 5521 eamean]
1631 5456 1698 5507 aaa
1714 5457 1743 5511 n
1761 5460 1811 5510 re.
1824 5460 1957 5514 saram
1972 5460 2056 5527 sunt,
2081 5459 2113 5513 n
2135 5466 2191 5521 ra
2209 5469 2291 5518 am

288 5507 322 5565 6)
338 5508 569 5575 melligeratus]
587 5511 629 5564 sle
645 5514 696 5568 Ed.
706 5516 749 5579 23
773 5516 823 5566 nd.
839 5519 863 5567 t.
881 5524 1103 5582 cognosceretur.
1360 5523 1501 5586 leguntur.

288 5590 322 5651 7)
340 5594 408 5643 ltnto
429 5597 491 5648 loco
515 5599 543 5649 tn
566 5600 694 5666 nerglne
715 5601 857 5664 adscripta
881 5607 962 5653 sunt:
995 5608 1033 5656 Ut
1050 5607 1130 5659 Plato
1147 5605 1243 5658 scrtblt
1327 5611 1360 5672 9)
1379 5606 1464 5663 cutus
1482 5606 1523 5656 ret
1541 5633 1574 5644 -
1592 5620 1686 5660 onnes
1706 5610 1821 5680 solunt]
1840 5615 1922 5684 bees,
1942 5626 2010 5680 enee
2030 5614 2062 5670 ln
2080 5619 2140 5675 Ed.
2155 5623 2295 5693 Meger-

323 5664 422 5715 octevo
441 5666 475 5717 de
490 5667 602 5733 legltos
619 5680 683 5737 pag.
694 5670 755 5723 50⁸.
1362 5679 1426 5743 tor,
1448 5675 1484 5726 eb
1502 5676 1550 5727 na.
1566 5678 1589 5729 l.
1607 5681 1718 5731 strunt-
