5125 6525
266 391 344 464 818

319 560 425 630 Tollo

318 663 438 735 Psallo

581 560 708 634 sustuli
753 562 932 632 sublatum
947 560 1002 656 9),
1029 554 1235 655 atrabato

585 664 712 756 psalli,
738 664 815 734 sine
838 662 981 756 supino.

677 831 681 838 '
713 817 800 890 ΜΟ.

368 933 576 1004 Praeterita
593 936 793 1008 desinunt
781 961 820 1005 ιιι
846 934 886 1007 ui
901 936 998 1009 duas
1023 938 1202 1058 syllabas,
1230 939 1261 1007 si

266 1036 402 1105 vocalis
417 1049 499 1107 ante
515 1063 576 1107 mo
591 1037 735 1110 brevis'
724 1064 762 1108 m
774 1035 937 1137 themate
952 1039 1079 1125 luerit,
1111 1040 1150 1108 in
1169 1038 1260 1109 itum

267 1137 396 1231 supina
412 1139 514 1210 fiunt.
706 1155 730 1162 ”

318 1255 436 1326 Gemo
590 1257 709 1348 gemui
863 1258 1048 1349 gemitum.

688 1390 839 1484 Excipe:

316 1508 410 1578 Emo
564 1508 635 1578 emi
789 1523 970 1602 emptum,
998 1524 1033 1579 et
1049 1510 1259 1601 composita.

318 1609 473 1680 Redimo
562 1612 699 1681 redemi
788 1615 1015 1703 redemptum
1081 1639 1086 1646 ’

317 1714 451 1784 Premo
561 1714 675 1804 pressi
786 1739 963 1808 pressum.

372 1833 462 1903 Cum
477 1830 584 1924 longa
604 1833 765 1904 vocalis'
754 1858 792 1902 m
808 1831 965 1934 themate
978 1832 1159 1930 praeeedit
1177 1829 1259 1900 ulti-

268 1959 366 2004 mam
389 1933 585 2027 syllabam,
626 1938 883 2029 praeteritam
907 1938 962 2031 psi
986 1939 1096 2019 fiunt,
1130 1933 1258 2026 supina

266 2039 306 2107 in
328 2048 442 2130 ptum.

319 2138 430 2210 Sumo

318 2242 432 2312 Como

320 2344 377 2414 Sic
391 2356 428 2414 et
442 2346 548 2414 demo
644 2348 784 2438 dempsi

725 2515 807 2587 ΝΟ.

368 2630 571 2701 Praeterita
600 2632 769 2705 desinunt
798 2634 837 2704 iu
869 2633 906 2700 vi
934 2655 1043 2703 uuam
1073 2629 1260 2723 syllabam,

262 2730 395 2823 supina
419 2733 458 2801 in
484 2745 574 2805 tum.

318 2849 448 2920 Sterno

317 2951 405 3021 Sino

316 3050 412 3122 Lino

266 3174 363 3268 apud
372 3170 584 3243 Terentium
601 3170 725 3240 relevi.
759 3169 905 3241 Veteres
922 3171 1030 3241 etiam
1046 3152 1112 3239 iin'i
1125 3133 1260 3258 dixere,

244 3290 306 3352 ‚et
317 3299 339 3346 a
352 3274 479 3359 linire,
505 3276 605 3370 quod
617 3296 817 3367 reperimus
840 3275 878 3344 in
903 3274 1024 3346 multis
1047 3274 1134 3345 locis
1155 3299 1259 3354 usur·

263 3391 393 3471 patum
409 3403 482 3448 esse
499 3401 568 3469 pro
584 3376 717 3460 linere,
744 3375 859 3447 linivi.

369 3497 403 3566 A
427 3520 535 3566 cerno
558 3510 696 3568 veteres
719 3496 816 3565 crevi
838 3494 1004 3587 providi
1026 3507 1258 3588 usurparunt,

265 3600 304 3670 id
319 3624 416 3670 nune
431 3599 601 3692 repudiat
613 3624 710 3671 usus.

645 2143 781 2236 sumpsi
884 2154 1067 2232 sumptum
1110 2135 1113 2142 ’

646 2245 784 2338 compsi
881 2239 1065 2336 ebmptum
1179 2333 1185 2348 ι

881 2350 1080 2437 demptum.
1098 2371 1101 2376 ·
1163 2353 1198 2386 ⁴³·

872 2862 1036 2923 stratum.
1144 2823 1150 2831 ⁴

872 2952 982 3023 situm

871 3053 997 3135 litum,

605 2851 719 2921 stravi

603 2951 673 3022 sivi

599 3053 672 3122 levi

685 3733 878 3826 Excipe:
910 3722 917 3739 ”

372 3853 472 3924 Cano
490 3853 623 3938 cecini,
649 3856 745 3925 uude
762 3834 959 3944 composita
978 3855 1213 3974 degenerant:

316 3972 468 4043 Succino
492 3974 672 4057 sutrium,
724 3971 859 4044 Oreino
887 3971 1039 4043 occinui.

308 4072 364 4145 Es
377 4098 477 4167 pono
633 4073 740 4169 posui
894 4075 1052 4167 positum

317 4175 459 4249 Temno
636 4178 765 4272 tempsi
822 4218 826 4225 ·
897 4189 1074 4269 temptum

212 4288 232 4311 “
317 4278 435 4373 Giguo
636 4282 744 4373 genui
875 4279 1070 4370 ,genitum

724 4447 802 4520 ΡΟ.

366 4566 456 4637 Cum
486 4567 500 4635 l
533 4579 597 4637 aut
628 4591 647 4636 r
677 4568 790 4639 anteit
818 4570 1035 4660 postremam
1068 4552 1256 4663 syllabam,

259 4668 458 4757 praeterita
474 4671 566 4739 fiunt
581 4669 623 4739 in'
635 4671 711 4762 psi,
737 4671 863 4766 supina
881 4668 919 4738 in
937 4682 1052 4762 ptum.
1111 4692 1114 4697 ·

316 4785 435 4880 Carpo
590 4791 709 4879 carpsi
863 4804 1026 4882 carptum

314 4886 416 4980 Repo
590 4892 686 4983 repsi
864 4906 1020 4997 septum.

680 5027 830 5120 Excipe:

612 5149 697 5239 rupi
847 5161 995 5241 ruptum

610 5249 745 5342 strepui
850 5250 1051 5342 strepitum.

187 5232 194 5239 ἱ
242 5097 251 5110 ⁰
314 5141 459 5235 Rumpo

182 5286 188 5293 ·
312 5243 443 5338 Strepo

294 5513 330 5573 8)
330 5513 458 5634 tppispppiu
460 5516 620 5634 pritesen]
639 5468 1140 5584 sicud.s.e31tlttiete‚itis„
1159 5515 1251 5573 lm:

1242 4221 1247 4231 ,
1359 4151 1496 4225 Desero

920 389 1043 468 XCVI.
1102 386 1430 475 chloderico
1462 386 1656 468 Laruis„

1531 581 1535 596 ·
1659 587 1661 592 .
1750 553 1866 654 Quo.
1981 573 1985 581 ·

1667 678 1757 797 liqui
1912 680 2036 751 lictum

1668 806 1747 851 eoxr
1912 791 2088 854 coetum·
2145 801 2148 808 “

1706 965 1709 971 .
1771 917 1871 1005 ιο,

1413 1033 1611 1104 Praeterita
1645 1035 1814 1106 desinunt
1844 1038 1882 1106 in
1911 1037 1948 1105 vi
1975 1061 2085 1107 unam
2119 1035 2306 1129 syllabam,

1313 1135 1440 1227 supina
1464 1137 1502 1205 in
1525 1150 1622 1220 tum,
1656 1162 1741 1207 nam
1766 1140 1801 1207 vi
1827 1139 2036 1232 simpliciter
2058 1135 2145 1211 κατ’
2169 1134 2318 1210 diets

1311 1234 1403 1336 γίαν
1418 1238 1457 1305 ἰιι
1474 1251 1551 1309 tum
1567 1241 1702 1309 mutari
1717 1243 1819 1312 solet.
1885 1253 1887 1265 '
2238 1261 2240 1266 ’

1364 1335 1471 1409 'l'ero
1639 1340 1726 1411 trivi
1880 1344 2006 1414 tritum

1362 1442 1536 1534 Quaero
1638 1445 1801 1538 quaesivi
1879 1446 2080 1540 quaesitum

1342 1543 1451 1613 Sero
1639 1546 1715 1615 sevi
1876 1561 2019 1631 satum,
2069 1570 2144 1616 non
2197 1544 2305 1629 serui,

1313 1668 1423 1736 quam
1448 1671 1573 1715 vocem
1598 1660 1719 1716 tamen
1737 1651 1914 1742 quaedam
1924 1648 2134 1740 composita
2146 1649 2304 1718 retinue-
2347 1669 2355 1684 ’

1312 1759 1417 1831 ιιιιιι,
1442 1763 1651 1841 usurpatam
1671 1751 1780 1820 etiam
1795 1752 1835 1821 in
1851 1752 2004 1842 simplici
2028 1751 2181 1820 verboa
2204 1761 2303 1818 vetu-

1312 1848 1480 1922 stissimo.

1362 1939 1486 2023 Insero

1364 675 1509 773 Linquo

1363 779 1489 873 Coquo

1609 1955 1751 2027 inserui
1880 1933 2073 2036 insertum,
2099 1977 2180 2023 cum
2196 1952 2306 2043 signi·

1193 2119 1199 2140 ¹.
1312 2055 1396 2125 licat
1413 2056 1644 2177 admisceo,
1632 2072 1839 2151 interpono,
1865 2051 2149 2153 ut'l'ibullus[l,
2161 2056 2180 2125 1
2185 2050 2303 2150 ,.;88]
2379 2058 2383 2070 “

1312 2155 1406 2226 Et
1375 2181 1470 2231 rixas
1486 2159 1677 2264 inseruisse
1698 2161 1809 2231 iuvat.
1869 2160 1928 2230 Sic
1952 2158 2119 2229 dicimus:
2153 2155 2306 2225 Homeri

1312 2263 1473 2350 poemati
1490 2250 1636 2356 quidam
1650 2261 1758 2333 nothi
1774 2287 1897 2333 versus
1920 2261 2046 2331 inserti
2068 2271 2163 2330 sunt.
2214 2259 2306 2327 Pro·

1312 2357 1463 2453 pheticis
1480 2365 1581 2435 libris
1595 2351 1801 2457 apocrypha
1819 2367 1997 2458 quaedam
2015 2365 2147 2455 scripta
2170 2361 2305 2432 inserta

1314 2478 1408 2535 sunt.
1442 2466 1621 2536 Dicuntur
1639 2473 1779 2549 autem,
1805 2479 1845 2535 ut
1859 2461 1929 2535 hoc
1944 2466 2061 2535 obiter
2079 2487 2305 2586 moneamus,

1314 2563 1543 2660 apocrypha,
1569 2569 1728 2652 occulta,
1755 2592 1850 2651 non,
1876 2581 1916 2638 ut
1939 2568 2047 2658 vulgo
2073 2565 2245 2658 putant‚'
2249 2566 2305 2634 in·

1314 2669 1402 2737 certi
1426 2670 1582 2754 autoris,
1607 2695 1671 2742 seu
1697 2665 1904 2761 ἀδέσποτα,
1936 2671 1998 2740 sed
2024 2669 2122 2764 quod
2145 2667 2216 2739 illis
2238 2692 2305 2760 pu-

1212 2801 1215 2808 ·
1312 2771 1403 2840 bliee
1417 2772 1455 2839 in
1470 2773 1613 2864 templis
1629 2798 1705 2842 uon
1722 2773 1850 2841 licebat
1864 2773 1930 2843 uti.
1977 2772 2072 2844 Nam
2088 2771 2303 2840 indoceuda

1264 2874 1267 2896 ¹
1313 2874 1489 2966 religione
1501 2873 1534 2965 9)
1561 2877 1735 2946 uolebant
1759 2874 1949 2945 admisceri
1971 2870 2131 2945 humana
2159 2874 2305 2966 scripta.

1313 2973 1437 3071 ltaque
1467 2979 1746 3049 commentarios
1766 2974 1970 3047 hominum
1983 3001 2060 3045 non
2082 2976 2305 3068 recipiebant

1313 3079 1352 3147 in
1369 3080 1523 3171 templa,
1548 3104 1615 3149 nec
1630 3080 1858 3151 autoritatem
1877 3066 2021 3149 illorum
2039 3080 2158 3149 valere
2181 3079 2304 3148 volue-

1312 3195 1416 3281 runt,
1443 3195 1477 3250 et
1494 3182 1672 3252 iusserunt
1686 3177 1892 3276 apocrypha
1910 3206 2006 3266 esse,
2033 3182 2072 3249 id
2093 3195 2164 3265 est,
2188 3181 2302 3250 lateu-

1312 3283 1383 3369 tia‚
1407 3309 1483 3354 non
1503 3275 1664 3377 publiea,
1689 3311 1764 3355 non
1780 3297 1922 3376 recepta
1941 3284 2085 3373 scripta.

1412 3401 1562 3473 Insero
1550 3429 1672 3497 susem
1654 3405 1839 3489 insitum,
1855 3431 1936 3476 eum
1952 3404 2127 3494 significat
2140 3403 2302 3494 impffin,

1311 3499 1579 3604 eroposeiam.

1413 3609 1573 3679 Consero
1586 3608 1752 3680 conserui
1764 3578 1981 3694 consertum,
1995 3632 2062 3701 pro
2075 3609 2301 3681 commisseo.

1413 3711 1573 3781 Consero
1600 3713 1747 3783 consevi
1774 3712 1972 3797 consitum,
2004 3712 2145 3783 beseeo.

1413 3812 1469 3884 Ab
1489 3816 1617 3886 obsero
1640 3815 1796 3907 obsitum
1820 3828 1927 3886 extat.
1984 3877 1989 3911 ἱ

1362 3932 1510 4003 Caetera
1544 3937 1742 4027 composita
1775 3959 1851 4005 non
1879 3931 2016 4006 babent
2045 3936 2177 4027 duplex
2197 3955 2301 4025 prae·

1310 4034 1474 4105 teritum:

1932 4158 2111 4227 desertum

1936 4271 2094 4328 exertum
2118 4267 2273 4352 tantum.

1651 4154 1792 4228 deserui

1652 4258 1773 4327 exerui

1395 4363 1546 4478 οιιιίι.
1565 4408 1591 4480 1.
1617 4410 1807 4483 rasorum
1837 4409 1925 4510 [ass.
1945 4405 2215 4505 esi-sos.]÷

1378 4527 1509 4579 Foslioes
1527 4527 1654 4594 enimse,
1680 4529 1779 4593 quibus
1793 4531 1862 4582 baec
1879 4542 2048 4595 cognoscere
2068 4529 2202 4593 prim,

1445 4612 1531 4676 loque
1549 4615 1645 4665 domos
1662 4626 1780 4680 superes
1800 4616 1937 4668 scandere
1955 4628 2022 4666 curs
2040 4616 2100 4665 fult

1377 4695 1516 4747 credibile
1534 4699 1580 4747 est
1596 4697 1677 4763 illos,
1700 4690 1807 4761 pariter
1825 4699 1955 4762 vitiisque
1972 4699 2095 4769 iocisque

1445 4783 1541 4834 Altius
1558 4783 1684 4835 humenis
1702 4784 1847 4836 exeruisse
1864 4786 1955 4849 caput.

1376 4867 1439 4919 Non
1455 4869 1552 4919 Venus
1571 4871 1599 4919 et
1616 4868 1708 4921 vlnuu
1725 4870 1855 4921 sublimia
1874 4872 1990 4933 pectore
2005 4869 2109 4935 tregit,

1348 4955 1350 4959 ’
1447 4953 1610 5006 (inoluisse
1626 4956 1698 5022 fori,
1716 4957 1866 5008 militiaeve
1882 4958 1970 5007 labor.

1376 5038 1433 5089 lieo
1450 5039 1523 5088 levis
1538 5042 1668 5108 ambitio,
1694 5045 1861 5107 pertusoque
1879 5042 1971 5107 gloria
1987 5042 2068 5105 mco,

1444 5126 1663 5192 linguarumque
1682 5130 1770 5181 lanes
1790 5127 1954 5181 sollicitavit
1972 5139 2061 5192 opum.

1375 5210 1533 5262 Admovere
1550 5213 1639 5264 oculte
1656 5207 1792 5266 distahtis
1808 5217 1903 5268 sidera
1919 5214 2042 5279 uostris,

1444 5298 1620 5364 Aetheraque
1636 5300 1748 5366 iugenio
1766 5314 1941 5368 supposuere
1959 5311 2020 5352 suo

1359 4253 1477 4348 Exero

1307 5423 1375 5432 -ο
1383 5426 1427 5432 u...
1445 5426 1514 5435 ..—

1339 5510 1371 5579 8)
1390 5512 1418 5564 iu
1436 5513 1896 5583 ᾱοωιᾱιιο1]ιι81111ιι1846.,
1915 5509 2318 5584 ι.;ι.·.11411ιΙ886.,1881,

1334 5582 1499 5635 “honde
1517 5583 1545 5632 ln
1561 5584 1699 5650 reilgisne
1744 5618 1746 5623 -
