5125 6525
215 283 218 288 .
590 281 598 292 ,
638 227 672 286 Il*

146 378 225 468 ss:
308 327 378 453 ’νζ
425 322 685 451 msromsu
711 373 958 471 ousnusu
982 370 1261 446 nuursran
1287 373 1440 448 utrm
1464 371 1700 448 runucas
1724 371 2006 479 rumonus.
2115 375 2197 456 aaa.
2296 340 2304 350 ’

158 571 166 581 ’
252 548 410 624 LXVIII.
446 548 537 622 Cum
556 552 648 621 lacta
676 562 766 621 esset
787 572 907 642 pugna
923 547 1146 633 sclavonica,
1186 509 1258 582 ᾇ]
1300 545 1456 619 LXXIII.
1493 547 1765 620 Maximilianus
1793 546 1996 640 Imperator
2026 552 2195 622 modera-

141 655 257 742 ,multi
288 657 420 726 virtute
449 666 673 746 praestantes
701 652 772 722 viri
805 652 857 722 ibi
891 652 1147 736 occubuerunt,
1198 650 1355 725 tissimus
1378 653 1418 721 in
1441 654 1608 722 omnibus
1632 651 1850 736 actionibus,
1882 652 1950 722 tuit
1971 661 2101 722 natura
2123 654 2198 724 ira-

150 759 258 829 multi
286 782 308 826 a
329 756 459 828 Turcis
489 757 585 848 capti
612 769 648 826 et
680 754 719 823 in
748 755 956 834 servitutem
990 753 1146 826 abducti.
1198 758 1367 839 euodius,
1394 756 1456 827 sed
1470 755 1623 848 diligens
1640 755 1678 823 in
1692 754 1920 847 reprimenda
1937 753 2004 826 ira.
2037 752 2193 849 Quando

150 862 229 931 Hic·
245 863 340 931 inter
361 860 451 930 alios
474 872 598 951 captus
618 857 750 929 nobilis
769 860 813 928 de
829 858 1039 949 Steinborg,
1065 881 1146 928 cum
1199 857 1233 927 ei
1261 859 1467 931 nuntiatum
1494 860 1562 930 fuit
1586 858 1698 929 filium
1722 870 1929 950 aegrotare,
1964 858 2065 928 venit
2090 871 2201 952 posta

154 977 245 1037 esset
263 963 427 1034 venditus
443 985 575 1053 magno
592 962 735 1033 cuidam
752 962 901 1037 domino
916 960 1147 1053 negotiatori,
1199 961 1272 1038 iam
1288 957 1467 1032 bacciam
1483 962 1559 1046 illa,
1585 984 1658 1033 una
1674 962 1820 1032 nuntiat
1835 985 1917 1031 eum
1933 963 2200 1049 convalescere,

153 1068 218 1163 qui
239 1062 396 1138 habebat
417 1065 569 1149 liberos,
607 1065 725 1157 pinxit
747 1065 829 1136 filiis
853 1064 976 1134 literas
1003 1086 1148 1154 graecas
1200 1064 1312 1135 altera
1329 1090 1409 1135 eum
1429 1066 1586 1136 deterius
1608 1059 1761 1148 habere,
1789 1066 1934 1135 tandem
1959 1064 2076 1148 venit,
2101 1090 2195 1160 quae

153 1182 190 1240 et
203 1170 348 1240 latinas.
399 1166 490 1237 Erat
512 1167 608 1237 enim
632 1163 744 1237 homo
766 1170 893 1238 doctus
914 1180 950 1237 et
971 1165 1147 1236 mediocri
1198 1167 1316 1260 ipsum
1340 1182 1525 1239 mortuum
1556 1192 1630 1238 esse
1660 1167 1761 1238 dixit.
1826 1164 1905 1259 lpse
1930 1167 2196 1260 Salspurgensis
2247 1222 2251 1232 .

154 1272 360 1365 cognitione
380 1293 528 1362 graecae
551 1283 587 1341 et
609 1270 742 1340 latinae
770 1271 914 1363 linguae
941 1269 1147 1341 instructus.
1199 1272 1363 1341 narravit
1380 1266 1470 1340 mihi
1486 1267 1678 1362 Philippo,
1703 1270 1767 1365 qui
1786 1269 1856 1340 luit
1879 1271 2094 1363 praecipuus
2119 1271 2196 1343 eius

153 1375 338 1447 Mercator
353 1374 478 1444 videns
494 1368 584 1458 hoc,
611 1374 748 1444 accedit
768 1374 905 1465 ipsum:
939 1371 1051 1443 Visne
1076 1367 1149 1463 (in-
1200 1373 1443 1444 consiliarius:
1477 1374 1672 1466 Quomodo
1696 1385 1787 1444 esset
1809 1374 2095 1461 conveniendus,
2127 1398 2226 1448 nos=

155 1478 251 1574 quit)
267 1503 367 1549 meos
386 1476 479 1546 filios
500 1474 653 1547 docere?
704 1479 896 1549 Annuente
913 1475 1046 1546 nobili:
1073 1474 1150 1545 Do·
1201 1476 1507 1556 deliberabamus:
1534 1477 1680 1545 tandem
1695 1477 1995 1549 concludebantur
2008 1500 2089 1561 nos,
2115 1478 2196 1548 bre·
2210 1511 2216 1530 .-

155 1605 217 1651 ceo
240 1605 320 1665 eos,
345 1580 416 1663 ait,
450 1603 615 1671 graecam
636 1579 818 1671 linguam,
853 1592 889 1649 et
910 1581 1067 1669 adiungo
1090 1602 1149 1647 ro-
1201 1580 1365 1663 vissime,
1392 1579 1465 1649 imo
1481 1603 1555 1649 uno
1568 1580 1679 1648 verbo
1695 1578 1917 1651 iudicaturos
1931 1605 2005 1652 esse
2018 1579 2085 1648 filii
2097 1603 2197 1650 mor-

152 1707 313 1754 manem.
388 1681 540 1776 Quaerit
572 1694 693 1753 autem
726 1681 860 1753 nobilis
896 1706 940 1751 ex
974 1680 1148 1751 domino:
1202 1695 1287 1754 tem.
1352 1681 1404 1751 Ut
1430 1680 1710 1774 ingressisunt,
1751 1681 1893 1773 collegit
1916 1682 1991 1773 ipse
2018 1706 2062 1750 es
2084 1681 2197 1753 oculis
2251 1696 2258 1709 ·

155 1784 365 1881 Quamdiu?
407 1784 627 1877 Respondit:
662 1785 735 1856 Per
754 1784 1002 1877 septennium,
1041 1782 1071 1855 si
1091 1779 1151 1853 hic
1203 1810 1384 1868 comesse
1398 1796 1611 1869 mortuum,
1644 1796 1680 1854 et
1702 1783 1809 1854 dixit:
1845 1787 1895 1862 Et
1917 1782 1956 1873 ist
1978 1786 2065 1860 Eeb.
2124 1784 2198 1855 Re-

155 1892 254 1981 apud
271 1913 329 1958 me
353 1887 574 1988 commorari
594 1888 712 1973 voles,
746 1890 841 1959 dabo
862 1887 929 1959 tibi
950 1912 1032 1984 rem·
1046 1886 1151 1956 lami·
1202 1889 1350 1982 spondit
1373 1888 1656 1980 Salspurgensis:
1700 1888 1754 1972 So
1782 1891 1951 1984 geutbigtt
1974 1889 2050 1982 beet
2078 1885 2198 1979 lenset,

154 1986 301 2073 harem:
333 1990 390 2061 sin
407 1990 546 2076 minus,
578 1991 749 2061 viaticum
770 1991 885 2076 dabo,
916 2003 957 2061 ut
981 2002 1059 2062 tuto
1081 1987 1151 2059 Ve-
1202 2000 1257 2070 bet
1273 1993 1453 2088 leehtig
1468 2002 1526 2087 got
1542 1990 1595 2084 let)
1614 1990 1715 2081 [tinet
1737 1990 1840 2081 [celest
1860 1992 2005 2088 genebig.
2055 1991 2199 2064 Deinde

155 2095 272 2165 netias
288 2093 495 2184 pervenias,
521 2106 557 2163 et
573 2094 625 2163 sic
644 2094 836 2166 incolumis
850 2096 896 2165 ad
914 2107 1023 2191 tuos..
1057 2093 1152 2164 Scri-
1203 2097 1336 2169 Caesar
1367 2110 1444 2167 toto
1478 2096 1599 2166 triduo
1632 2096 1766 2167 mansit
1794 2097 1833 2164 in
1854 2097 2039 2178 cubiculo,
2077 2093 2196 2188 neque

154 2197 228 2290 psit
242 2210 366 2289 postea
384 2199 431 2266 ad
451 2222 535 2268 suos
551 2210 721 2290 cognatos
742 2211 778 2268 et
796 2197 909 2281 filios,
931 2213 1170 2267 commemo-⁴
1203 2201 1380 2284 comedit,
1405 2208 1523 2295 neque
1538 2198 1650 2284 bibit,
1676 2223 1818 2291 semper
1832 2211 2003 2290 precatus
2013 2210 2076 2269 est.
2128 2195 2198 2267 Ac·

156 2302 261 2370 rabat
275 2299 362 2392 ipsis
381 2301 577 2372 secundum
595 2324 717 2371 casum
733 2315 769 2370 et
783 2302 990 2384 fortunam,
1016 2311 1052 2368 et
1066 2295 1151 2370 hor-
1203 2305 1308 2376 cessit
1329 2305 1375 2373 ad
1401 2303 1602 2374 cubiculum
1626 2302 1730 2391 Roob
1752 2319 1819 2376 ooo
1842 2306 1898 2376 bet
1913 2299 2046 2390 Edita.
2073 2322 2197 2372 scurra
2261 2322 2265 2329 ·

156 2406 300 2475 tabatur
313 2426 398 2473 suos
413 2403 525 2487 filios,
551 2414 593 2472 ut
607 2426 645 2472 se
662 2403 808 2493 optimis
824 2404 961 2472 artibus
982 2414 1018 2470 et
1039 2402 1151 2471 scien·
1203 2408 1372 2500 quidam,
1400 2404 1556 2499 quicum
1581 2427 1623 2472 eo
1645 2404 1713 2473 luit
1737 2403 1776 2471 in
1802 2428 1963 2487 carcere,
1990 2415 2026 2472 et
2040 2402 2198 2495 compel-

155 2507 216 2578 tiis
236 2506 475 2588 instruerent,
500 2515 542 2573 ut
563 2504 743 2596 praesidia
767 2506 814 2573 ad
839 2528 963 2575 omnes
982 2505 1150 2574 fortunae
1202 2509 1292 2577 lavit
1314 2532 1395 2576 eum
1419 2506 1557 2577 dicens:
1591 2503 1808 2601 nominee)
1832 2502 2036 2597 Imperator
2058 2504 2198 2595 aperia-

158 2633 260 2680 casus
277 2619 405 2697 parata
423 2603 611 2677 haberent.
1203 2610 1259 2681 tis.
1324 2609 1526 2701 Respondit
1548 2606 1767 2700 Imperator:
1807 2605 1897 2700 dicht
1927 2609 2059 2700 hiutttss
2080 2607 2198 2700 Ruth,

259 2706 382 2779 LXIX.
405 2708 618 2782 Numidicus
634 2717 802 2799 nugator,
817 2708 880 2802 qui
895 2703 1150 2781 ansoldum
1203 2722 1239 2787 et
1252 2711 1292 2802 ill
1305 2716 1407 2806 ibuttb
1423 2716 1493 2788 lein
1509 2714 1593 2797 Scit.
1644 2712 1774 2781 Postea
1791 2707 1850 2780 hic
1867 2711 1956 2779 dixit
1971 2712 2015 2778 ad
2032 2709 2199 2779 consilia·

156 2838 238 2885 curn
263 2810 416 2882 Caesare
428 2810 681 2902 Witebergam
704 2810 888 2882 obsidente
916 2824 1013 2897 erat,
1038 2811 1150 2882 excel·
1201 2818 1293 2887 rios:
1329 2817 1513 2901 Omittite,
1538 2810 1631 2884 nihil
1653 2825 1800 2884 tentate.
1850 2811 1977 2883 Tertio
2000 2813 2058 2882 die
2081 2835 2199 2902 egres-

155 2914 246 2986 lenti
265 2917 380 2984 fertur
394 2915 501 2986 fuisse
519 2914 685 3007 ingenio,
711 2926 746 2983 et
761 2913 927 3010 quamvis
945 2927 1150 2985 monstrum
1201 2945 1261 2991 sus
1286 2933 1339 2991 est
1361 2934 1396 2990 et
1416 2918 1519 2992 iussit
1537 2917 1607 2989 sibi
1627 2917 1799 3009 apparari
1819 2940 1969 2986 coenam
1996 2916 2133 2986 lautam
2161 2925 2203 2987 εἴ

157 3031 255 3103 erat,
295 3029 417 3107 tamen
447 3017 576 3088 dixisse
599 3016 715 3087 fertur
740 3041 777 3088 se
798 3041 875 3087 non
897 3018 990 3087 affici
1010 3018 1150 3087 maiore
1202 3023 1426 3115 comportari
1447 3021 1619 3118 quicquid
1642 3015 1799 3090 habebat
1821 3009 2199 3110 musicoruminstru7

157 3124 283 3193 dolore
300 3120 431 3193 amisso
446 3143 579 3213 regno,
606 3142 715 3214 quam
732 3120 861 3191 amissa
877 3116 1109 3193 bibliotheca.
1201 3124 1428 3212 mentorum,
1472 3120 1638 3196 adhibuit
1665 3124 1806 3217 aliquos
1834 3146 1877 3192 ex
1905 3119 2128 3213 principibus
2162 3129 2199 3191 et

260 3221 367 3295 LXX.
408 3223 632 3316 Noribergae
657 3222 805 3318 quidam
829 3224 916 3296 artis
938 3223 1151 3296 conficiendi
1202 3229 1434 3314 consiliariis,
1475 3252 1630 3323 quorum
1658 3225 1916 3296 consuetudine
1941 3222 2203 3308 delectabatur,

156 3329 376 3400 bombardae
408 3328 572 3421 peritus,
616 3326 993 3423 ingeniosissimusque
1025 3323 1151 3412 homo,
1202 3344 1238 3403 et
1253 3357 1335 3402 cum
1352 3332 1422 3402 illis
1437 3332 1577 3401 locutus
1590 3342 1643 3400 est
1659 3330 1704 3397 de
1722 3329 1828 3397 rebus
1850 3326 2009 3423 magnis,
2033 3328 2096 3399 sed
2117 3327 2198 3399 nul·
2239 3372 2241 3377 -

158 3433 220 3504 sed
242 3432 338 3500 male
359 3428 573 3525 tractansffl)
593 3440 873 3512 matrem,.cum
890 3431 1029 3501 fecisset
1047 3432 1152 3499 bom·
1202 3439 1275 3507 lam
1293 3435 1460 3528 praebuit
1473 3436 1591 3504 luctus
1606 3431 1917 3524 significationem.

156 3536 310 3605 bardam
332 3558 485 3617 novam,
519 3530 635 3600 voluit
652 3532 910 3647 eam-experiri
929 3532 1047 3604 inluso
1072 3533 1151 3623 pul·
1305 3568 1477 3644 Lxxpffl·
1527 3569 1698 3641 scribunt
1733 3568 1777 3636 de
1809 3565 1994 3637 Friderim
2027 3565 2196 3639 Palatino

158 3662 243 3707 vere
272 3636 530 3754 b‘imbaidim‘
573 3657 679 3726 quem
712 3634 884 3753 emmaus
911 3647 983 3720 ⁰⁸⁸²
1029 3635 1150 3707 “afim
1203 3675 1410 3759 victorioso,
1433 3673 1496 3769 qui
1510 3674 1580 3745 luit
1595 3697 1682 3744 avus
1698 3668 1802 3740 Lucii
1817 3669 2011 3762 Principis,
2036 3670 2101 3765 qui
2116 3694 2199 3741 cum
2313 3651 2321 3665 ’

157 3764 283 3811 mr⁵¹¹⁸
314 3739 447 3808 mfu‘ht
476 3737 663 3856 ,pulverem
694 3737 980 3856 qub³¹d¹f¹¹m⁰
1040 3737 1152 3808 B⁰¹¹¹'
1203 3779 1345 3851 vicisset
1377 3792 1448 3849 tres
1482 3777 1662 3869 principes
1695 3773 1916 3866 Episcopum
1946 3768 2198 3843 Marchionem

158 3843 274 3962 barda
289 3836 404 3960 adhuc
419 3840 534 3959 cauhda
552 3864 632 3909 cum
647 3840 765 3958 pulvis
779 3854 869 3958 esset
882 3865 1059 3959 incensus,
1085 3843 1153 3911 tol·
1203 3881 1417 3964 Badensm
1428 3879 1735 3971 winebergicum
1753 3877 2008 3962 etMetemem,
2035 3891 2071 3947 et
2084 3878 2199 3947 imm·

158 3947 426 4037 htmagsstmm
450 3968 491 4012 m
512 3944 642 4026 ‘mum’
670 3955 706 4012 ει
727 3967 777 4014 ⁵¹⁰
796 3945 982 4029 mterficst’
1008 3957 1045 4014 et
1063 3939 1153 4031 hm
1204 3987 1361 4057 duxisset
1394 4008 1455 4054 eos
1485 3984 1524 4053 in
1560 4008 1678 4054 arcem
1709 3980 1988 4073 Heidelbergae,
2031 3976 2199 4049 tractavit

158 4048 228 4119 fust
242 4072 359 4139 P⁰⁰¹¹³
376 4046 441 4117 filii
455 4046 588 4138 inimi
603 4069 686 4137 “3³
705 4059 880 4166 matfemss
1053 4140 1075 4156 ,.
1204 4090 1284 4160 illos
1299 4088 1443 4183 quidem
1460 4082 1685 4170 humaniter,
1710 4086 1772 4154 sed
1785 4084 1824 4152 in
1838 4083 1956 4175 prima
1966 4082 2030 4152 ¹die
2046 4106 2122 4175 non
2138 4083 2199 4151 de-

262 4147 383 4220 LXXI·
422 4149 581 4245 Quam
603 4148 754 4243 Car-⁰¹⁰⁸
775 4175 848 4219 ¹³¹⁰
869 4161 1068 4241 nuperum
1092 4151 1152 4270 ‘Ie‘
1205 4195 1259 4262 dit
1276 4192 1325 4263 eis
1342 4215 1484 4284 panem.
1536 4188 1820 4284 Quaesiverunt‚
1846 4209 1910 4257 cur
1930 4185 1981 4254 eis
1995 4209 2071 4254 non
2094 4185 2200 4253 dare-

159 4267 319 4347 ⁸¹g¹¹³t¹¹⁸
336 4254 573 4346 Antverpmm
588 4277 746 4344 prunum
765 4266 855 4324 ⁰⁵⁸⁰*
876 4277 1076 4345 ¹¹¹3r⁰⁵⁸¹¹⁸’
1101 4255 1153 4323 ¹h¹
1205 4309 1263 4367 tur
1278 4294 1402 4387 panis:
1427 4291 1529 4363 iussit
1550 4293 1601 4363 eis
1620 4287 1849 4382 responderi:
1883 4287 2005 4357 fecisse
2030 4310 2091 4355 eos
2114 4306 2198 4354 con-

159 4357 437 4449 Antverpienses
458 4381 524 4427 suo
548 4380 650 4425 more
673 4357 872 4448 spectacula
900 4357 1078 4442 fecerant,
1118 4370 1155 4427 et
1205 4412 1261 4470 [ra
1282 4397 1578 4469 consuetudinem
1602 4395 1784 4464 bonorum
1807 4393 1958 4473 ducum,
1993 4388 2055 4482 qu:
2076 4410 2199 4479 parce,

161 4459 267 4529 certis
286 4459 374 4529 locis
397 4460 661 4530 collocaverant
684 4461 801 4530 nudas
822 4457 999 4552 virgines,
1035 4460 1085 4529 ita
1112 4473 1154 4530 ut

159 4564 458 4654 praetenderetur
484 4563 602 4633 velum
624 4559 788 4632 sericum.
855 4561 956 4632 Dixit
977 4558 1067 4632 mihi
1091 4560 1153 4632 Al-

159 4667 282 4736 bertus
309 4663 491 4737 Durerus:
531 4664 608 4756 Ego
634 4665 823 4757 diligenter
852 4666 950 4735 ibam
978 4678 1153 4761 tanquam

159 4768 278 4859 pictor
294 4769 577 4863 contemplatum
590 4768 651 4837 illa
668 4792 841 4860 corpora,
869 4768 1153 4856 considerabam,

161 4895 208 4939 an
232 4868 435 4965 Imperator
464 4868 666 4941 deflecteret
695 4873 835 4952 oculos;
876 4873 937 4944 sed
965 4897 1153 4968 nunquam

162 4973 316 5047 deflexit.
643 5018 649 5025 -
1310 4965 1449 5037 LXXV.
1484 4958 1953 5034 HeinricusBrunsuicensis
1968 4982 2049 5028 cum
2064 4956 2199 5027 bellum

263 5073 402 5148 LXXII.
442 5075 525 5147 Dux
557 5075 735 5148 saxoniae
768 5074 973 5146 Fridericus
1007 5081 1153 5172 quando
1206 5085 1346 5166 gereret
1367 5072 1406 5139 in
1429 5067 1552 5152 ltalia,
1591 5065 1744 5136 vastavit
1767 5088 1911 5158 quoque
1933 5085 2057 5153 agros,
2096 5059 2200 5129 villas

161 5177 271 5248 sensit
288 5204 324 5249 se
348 5179 450 5249 valde
468 5193 689 5267 commotum
715 5203 808 5264 esse,
834 5180 1013 5271 ingressus
1039 5197 1091 5254 est
1116 5183 1154 5252 in
1207 5188 1242 5246 et
1264 5188 1409 5268 segetes.
1462 5171 1613 5262 Scripsit
1631 5171 1677 5240 ad
1703 5192 1784 5238 eum
1811 5166 1893 5251 .N.,
1925 5165 1964 5236 si
1985 5165 2123 5235 nullam
2151 5162 2199 5232 ob

160 5304 265 5352 suum
282 5281 503 5366 cubiculum,
530 5296 564 5353 et
580 5307 655 5353 non
677 5307 835 5375 egressus
854 5296 925 5368 est,
958 5284 1072 5355 donec
1094 5286 1153 5357 ille
1207 5280 1315 5349 aliam
1333 5301 1476 5349 causam
1492 5274 1599 5345 vellet
1614 5296 1761 5365 parcere
1778 5269 1973 5362 segetibus,
1998 5281 2039 5339 ut
2058 5288 2148 5337 suae
2160 5262 2200 5331 id

160 5397 281 5455 motus
297 5386 447 5469 resedit,
472 5410 537 5457 nec
554 5411 773 5482 quemquam
789 5388 833 5455 ad
849 5411 885 5457 se
902 5387 1057 5461 admisit.
1206 5384 1339 5454 faceret
1353 5379 1516 5452 utilitatis
1533 5401 1659 5463 causa,
1684 5387 1863 5467 utpostea
1879 5381 2118 5443 commeatum
2134 5361 2199 5435 ba-

1205 4508 1288 4572 r‘ent
1308 4500 1503 4594 segetibus,
1542 4499 1639 4591 ipsos
1661 4520 1748 4565 vero
1772 4493 2058 4568 vastassevittas
2082 4514 2124 4559 ac
2145 4488 2199 4558 vi·

1205 4630 1302 4675 neas.
1352 4604 1483 4674 Postea
1500 4601 1599 4671 venit
1612 4597 1790 4692 Spirensis
1803 4595 2022 4688 Episcopus,
2049 4592 2112 4689 qui
2131 4593 2211 4663 cir-⁶

1206 4709 1438 4780 cumdederat
1452 4707 1581 4775 collum
1596 4705 1748 4797 laqueo,
1775 4715 1810 4770 et
1824 4699 1970 4770 accessit
1985 4696 2134 4789 supplex
2152 4694 2205 4781 ad

1206 4812 1428 4905 principem,
1455 4834 1492 4881 se
1508 4833 1589 4880 reos
1604 4830 1678 4878 esse
1695 4819 1730 4875 et
1745 4802 1932 4898 deprecari
1951 4801 2099 4872 crimen.

161 5544 369 5558 *¹⁸*-
1207 5546 1412 5559 ψ·-

171 5617 246 5713 ¹3⁸⁴)
263 5618 403 5686 melaml
422 5620 505 5675 0⁰1¹st
530 5574 681 5672 ‘mm‘
1243 5619 1292 5690 tt)
1309 5621 1441 5683 Dontne]
1458 5621 1527 5675 cod.
1543 5621 1627 5672 tebet
1644 5616 1806 5682 scrtpttonts
1825 5609 2029 5680 conpendium:
2055 5607 2107 5665 .D.
