5125 6525
268 496 347 576 rra
494 459 501 472 ’
759 471 2024 566 ‘s'rarnuauscmarafflsroarunv.=›·'÷·¹'³'²-³2³
2236 479 2315 574 sar

369 668 429 739 IX.
462 668 604 738 Dicitur
619 670 664 736 de
685 679 809 736 sancto
827 663 1063 749 Bernhardo,
1090 667 1256 760 quicum
1286 665 1404 748 urit,
1444 677 1627 756 postremo
1652 664 1751 733 venit
1779 665 1821 730 ad
1854 664 1985 731 lectum
2016 666 2177 756 puellae,
2219 693 2315 762 quae

266 774 462 869 aliquando
492 772 530 839 in
560 771 691 840 latrina
724 784 845 840 oraret
867 771 1051 852 Psalmos,
1093 770 1192 839 venit
1215 772 1260 837 ad
1310 793 1389 837 cum
1409 768 1554 837 vidisset
1569 774 1736 857 parentes
1751 776 1785 831 et
1801 767 1889 834 alios
1907 765 2124 852 interfectos,
2151 770 2313 844 clamans

266 902 348 949 cum
370 874 546 945 Diabolus
571 887 606 944 et
628 872 834 964 obiurgavit
856 898 936 942 eum
964 872 1102 942 dicens:
1138 871 1260 964 Quare
1311 872 1428 964 petitt·
1454 866 1928 964 tutteberttatartatmtd)
1948 869 2058 957 tetra,
2092 870 2139 964 ld)
2162 874 2236 947 utu
2260 878 2311 948 tit

266 994 306 1050 tu
328 978 366 1046 in
388 978 519 1046 latrina
546 1002 628 1047 oras
650 989 791 1046 sanctos
814 973 1000 1046 Psalmos?
1059 973 1261 1068 Respondit
1312 975 1358 1048 ull
1377 973 1599 1066 meinDupttt
1621 975 1735 1067 geber-³
1787 967 1866 1062 Ipse
1887 995 1974 1039 vero
2000 976 2162 1044 obsessus
2188 975 2311 1046 aDia-

268 1081 301 1152 ei
323 1076 628 1153 S.Bernbardus:
655 1075 767 1161 Illud,
794 1080 892 1172 quod
911 1104 953 1146 ex
976 1101 1039 1154 ore
1065 1063 1155 1161 exit,
1182 1077 1259 1148 Deo
1313 1077 1396 1146 bolo
1426 1077 1620 1168 puellulam
1656 1088 1800 1170 quoque
1827 1075 2037 1156 transfodit,
2077 1100 2119 1144 ac
2147 1089 2227 1147 tum
2255 1103 2309 1149 ac-

268 1184 399 1264 offero;
427 1186 487 1254 sed
506 1184 554 1268 id,
582 1184 678 1277 quod
695 1183 788 1250 infra
806 1206 848 1251 ex
862 1194 987 1250 ventre
1003 1179 1120 1264 eiicio,
1148 1194 1186 1252 tu
1202 1205 1259 1250 co·
1312 1180 1423 1271 ceptis
1440 1180 1597 1248 clavibus
1617 1178 1734 1271 aperit
1751 1176 1873 1260 cistas,
1902 1189 1938 1246 et
1956 1179 2073 1247 aufert
2087 1189 2232 1250 tantum
2251 1207 2311 1251 ar·

265 1289 401 1357 medas.
1313 1284 1410 1374 genti
1421 1293 1462 1351 et
1479 1282 1578 1366 auri,
1606 1293 1781 1375 quantum
1798 1281 1890 1349 ferre
1908 1280 2047 1370 potuit,
2075 1292 2111 1350 et
2128 1282 2225 1368 abit,
2250 1309 2308 1353 ee-

368 1389 412 1459 X.
446 1386 595 1457 Carolus
612 1382 815 1479 Imperator
838 1411 919 1458 cum
943 1385 1076 1456 faceret
1095 1409 1160 1478 per
1175 1386 1260 1456 Gal·
1312 1384 1713 1479 nitquellatisbouam,
1739 1382 1789 1450 ibi
1811 1384 2035 1476 aliquamdiu
2051 1399 2310 1471 commoratus,

264 1490 351 1561 liam
379 1492 466 1574 iter,
507 1491 665 1584 quodam
697 1490 735 1557 in
758 1491 838 1558 loco
864 1488 999 1580 reperit
1021 1487 1060 1556 in
1084 1481 1260 1572 cubiculo,
1312 1500 1462 1584 propter
1478 1507 1541 1559 sua
1560 1487 1697 1556 nefaria
1716 1486 1847 1554 scelera
1872 1485 2055 1579 quiescere
2078 1510 2154 1557 non
2176 1490 2311 1582 potuit,

264 1594 303 1662 in
337 1619 409 1689 quo
442 1593 666 1663 dormiturus
697 1605 793 1675 erat,
828 1591 1006 1683 virginem
1035 1591 1260 1686 nobilem'et
1313 1591 1402 1685 quin
1428 1591 1598 1682 seipsum
1617 1591 1807 1681 proderet,
1841 1601 1876 1657 et
1899 1601 2024 1679 captus
2048 1603 2118 1675 est,
2144 1615 2312 1663 arveru-

263 1698 460 1766 lormosam
477 1695 664 1764 inclusam.
707 1693 826 1786 Quam
846 1719 926 1764 cum
944 1689 1145 1786 Imperator
1160 1718 1260 1786 aspe·
1312 1696 1378 1763 bus
1393 1695 1610 1764 transfossus
1628 1705 1699 1775 est,
1725 1715 1878 1785 cumque
1899 1691 1970 1759 iam
1995 1692 2034 1761 in
2056 1694 2202 1764 summis
2227 1695 2310 1766 istis

264 1798 390 1881 risset,
433 1811 469 1866 et
489 1797 628 1867 videret
649 1821 727 1866 earn
754 1797 919 1880 flentem,
960 1798 1156 1890 quaerebat
1177 1822 1260 1868 cuu—
1313 1795 1656 1879 cruciatibus-esset,
1683 1795 1862 1864 consessus
1879 1807 1931 1864 est
1946 1819 1988 1863 ac
2004 1795 2108 1864 dixit:
2131 1796 2197 1890 ild)
2211 1793 2312 1865 nihil

265 1925 363 1984 sam,
390 1924 453 1969 cur
469 1899 589 1983 fleret,
616 1913 650 1968 et
666 1913 729 1969 cur
748 1901 786 1968 in
808 1896 879 1969 hoc
904 1899 1066 1990 conclavi
1082 1899 1259 1998 inclusa⁰)
1315 1901 1426 1989 torigia
1443 1925 1500 1968 me
1518 1898 1653 1968 cruciat
1670 1922 1777 1991 quam
1797 1898 1857 1965 illa
1879 1922 1949 1966 vox
1973 1899 2129 1988 puellae:
2162 1899 2228 1994 ltd)
2251 1901 2312 1973 lie:

265 2015 367 2074 esset.
418 2002 514 2072 'l'um
532 2001 635 2093 virgo
651 2002 806 2087 indicat,
833 2027 869 2074 se
888 2003 968 2072 ideo
982 2001 1156 2074 inclusam
1172 2000 1259 2088 esse,
1312 2004 1367 2077 bet
1392 2004 1505 2087 sllutttt
1541 2003 1598 2094 ῐαβ
1617 1999 1697 2093 mitt)
1720 2001 1830 2084 [eben.
1870 2000 1914 2091 id)
1937 2001 2007 2074 uit
2028 2003 2081 2077 bit
2112 2003 2176 2075 uile
2206 2006 2312 2077 attint

265 2104 461 2177 utvenirct
479 2104 518 2173 in
536 2130 663 2177 manus
678 2103 859 2190 Caesaris,
894 2118 930 2175 et
952 2105 1040 2175 dicit
1060 2130 1097 2176 se
1118 2130 1192 2178 esse
1215 2107 1259 2178 de
1312 2107 1433 2199 sDttptu
1455 2108 1565 2199 geber.

263 2208 400 2278 familia
418 2208 532 2277 nobili
548 2221 683 2279 natam.
737 2208 840 2302 Quae
857 2208 980 2278 omnia
1003 2233 1084 2282 cnm
1100 2207 1259 2301 Impera·
1416 2205 1505 2278 XIII.
1556 2206 1826 2296 Maximilianus
1860 2202 2062 2298 Imperator
2103 2202 2234 2278 habuit
2272 2209 2309 2277 in

266 2322 324 2381 tor
340 2311 514 2395 audisset,
541 2312 728 2381 mandavit
744 2312 833 2398 illis,
858 2312 988 2408 quibus
1003 2312 1158 2382 maxime
1174 2313 1259 2383 fide·
1313 2311 1394 2381 aula
1418 2335 1482 2382 sua
1505 2310 1656 2380 militem
1681 2310 1861 2405 quendam
1879 2322 2056 2395 veterem,
2083 2307 2254 2396 callidum
2276 2324 2310 2381 et

263 2414 349 2499 bat,
366 2407 369 2412 ’
388 2426 428 2484 ut
451 2438 530 2483 eam
553 2412 725 2483 intactam
750 2417 796 2484 ad
818 2440 902 2485 suos
923 2427 1090 2506 parentes
1113 2417 1259 2486 reduce·
1312 2415 1486 2499 facetum,
1513 2411 1594 2506 qui,
1619 2407 1916 2506 cumlmperator
1940 2412 2062 2485 multis
2086 2414 2309 2485 cruciaretur

265 2528 357 2587 rent.
400 2513 497 2586 Istud
512 2516 580 2584 luit
597 2518 777 2609 egregium
794 2519 996 2610 exemplum
1015 2517 1259 2588 continentiae
1312 2530 1413 2587 etex
1437 2516 1578 2607 magnis
1600 2517 1706 2586 rebus
1729 2515 1897 2606 fatigatus
1923 2528 2033 2600 esset,
2072 2513 2147 2587 suis
2171 2517 2305 2589 facetiis

263 2615 442 2716 innostro
462 2615 697 2710 Imperatore.
749 2618 796 2689 Et
818 2634 1038 2712 cumpostea
1063 2622 1196 2692 bellum
1219 2623 1259 2691 io
1312 2646 1394 2690 eum
1425 2615 1650 2690 exhilaravit.
1712 2618 1853 2690 Accidit
1878 2630 1997 2688 autem
2028 2622 2190 2714 quodam
2220 2633 2308 2690 tem-

263 2719 419 2791 Galliam
438 2721 579 2805 intulit,
607 2746 726 2810 arcem
750 2723 849 2793 illam
873 2724 1035 2794 funditus
1058 2724 1259 2806 devastarit
1310 2747 1421 2816 pore,
1468 2724 1566 2816 quod
1596 2717 1799 2820 Imperator
1830 2721 1941 2790 animi
1974 2723 2162 2793 recreandi
2193 2724 2309 2815 gratia

264 2835 299 2893 et
317 2824 395 2894 solo
411 2824 649 2917 adaequavit,
676 2825 760 2920 quia
778 2826 922 2896 videbat
939 2851 1013 2898 esse
1034 2839 1175 2898 tantum
1194 2830 1259 2902 do÷
1311 2851 1392 2899 eum
1414 2824 1599 2895 nonnullis
1621 2825 1699 2895 aliis
1715 2823 1938 2916 principibus
1956 2823 1994 2894 iu
2019 2820 2143 2897 charta
2167 2827 2310 2898 luderet

264 2925 440 2995 micilium
460 2926 687 3019 voluptatum
705 2940 740 2997 et
755 2930 917 2999 luxuum.
1311 2923 1461 3022 propter
1479 2942 1611 2998 certam
1631 2926 1689 3022 (ut
1703 2927 1782 2998 fieri
1796 2927 1903 3025 solet)
1917 2928 2091 3021 pecuniae
2115 2955 2309 3002 summam.

367 3025 426 3098 XI.
460 3027 506 3099 D.
523 3023 575 3098 M.
590 3026 772 3101 Lutherus
790 3055 870 3100 cum
892 3031 1087 3126 aliquando
1112 3031 1259 3103 vidisset
1310 3029 1411 3102 Dixit
1434 3029 1536 3103 miles
1557 3033 1603 3100 ad
1619 3026 1881 3122 Imperatorem
1904 3044 1940 3100 et
1957 3033 2002 3101 ad
2021 3032 2110 3104 alios
2124 3033 2309 3127 principes

262 3128 435 3200 Ioannem
456 3131 681 3204 Fridericum
708 3132 847 3204 Ducem
874 3134 1075 3206 Electorem
1109 3138 1259 3208 ductan-
1311 3125 1521 3206 collusores:
1565 3133 1638 3227 Qui
1660 3127 1733 3204 tres
1761 3128 1871 3204 habet
1891 3158 2010 3225 reges,
2050 3150 2171 3207 sumet
2193 3149 2307 3208 totam

263 3246 335 3306 tem
352 3233 712 3320 manuMauritium,
734 3236 824 3308 risit.
878 3237 969 3309 Cum
985 3235 1130 3308 Elector
1150 3264 1258 3334 quae·
1310 3260 1501 3311 summam.
1548 3233 1591 3308 ln
1606 3260 1676 3333 qua
1701 3237 1877 3308 sententia
1901 3264 1983 3309 cum
2006 3264 2131 3311 omnes
2155 3266 2310 3315 consen-

263 3350 360 3407 reret
383 3363 546 3423 causam,
580 3364 643 3408 cur
665 3339 817 3424 rideret,
859 3336 1256 3431 respondtttntherus:
1311 3342 1440 3424 tireut,
1468 3338 1570 3411 miles
1586 3339 1770 3432 amplexus
1787 3366 1891 3412 suum
1914 3343 2103 3412 dominum
2129 3356 2167 3415 et
2191 3359 2309 3416 osten·

264 3438 449 3541 §saetiger
471 3442 583 3538 ᾠοτϊ,
627 3442 669 3538 id)
694 3443 782 3536 [ebt.
813 3448 876 3519 tas
906 3465 980 3520 ruet
1003 3440 1259 3541 ttutbtltttqe
1310 3447 1398 3515 deus
1418 3443 1507 3514 alios
1528 3445 1619 3514 duos
1640 3438 1742 3535 reges
1764 3443 1906 3514 fictitios
1928 3445 1966 3514 in
1990 3442 2133 3516 charta:
2165 3445 2308 3533 Videte,

262 3545 749 3640 gnobetltttutltlutttittugru
765 3544 993 3640 Duillium,
1017 3547 1078 3622 uie
1103 3566 1199 3622 trena
1224 3571 1258 3622 et
1312 3547 1450 3643 inquit,
1484 3571 1550 3638 ego
1574 3558 1644 3618 tres
1664 3534 1780 3616 habeo
1802 3570 1915 3639 reges.
1971 3547 2176 3642 Respondit
2192 3551 2309 3623 Maxi·

263 3650 336 3741 tud)
363 3651 415 3722 eiu
448 3650 529 3722 moll
552 3653 612 3721 beo
638 3649 760 3740 ttdtteo
787 3671 861 3723 orm
883 3650 945 3726 tuit
967 3653 1022 3724 bet
1046 3652 1150 3744 boubt
1173 3670 1257 3746 megs
1311 3650 1496 3720 milianus:
1524 3648 1634 3719 Recte
1649 3648 1755 3734 facis,
1783 3652 1881 3742 quod
1898 3676 1956 3720 me
1973 3654 2113 3723 coniers
2133 3678 2217 3724 cum
2230 3655 2304 3726 istis

261 3747 363 3845 steps.
509 3778 513 3783 ·
1100 3770 1116 3785 ·'
1310 3755 1471 3845 regibus;
1498 3777 1582 3821 nam
1608 3750 1679 3821 mei
1702 3751 1836 3823 subditi
1861 3753 1969 3824 etiam
1993 3768 2125 3848 putant
2150 3782 2210 3827 me
2231 3782 2302 3829 esse

270 3852 287 3887 ‘
318 3856 322 3867 '
445 3919 455 3936 ,
549 3919 557 3934 .
727 3921 736 3939 ,
1311 3852 1449 3927 tantum
1477 3879 1597 3946 regem
1621 3854 1770 3946 pictum.

289 3919 589 3991 Conscientia
615 3916 1011 4039 trabnrtunocentes
1038 3926 1227 4016 adsup÷
1372 3980 1375 3985 ,
1413 3954 1521 4029 xpm·
1562 3954 1874 4045 venefivoqemes
1898 3960 2028 4051 punite
2051 3985 2115 4031 seu
2139 3987 2306 4034 mmm

660 4025 866 4116 Ph‘mm·
1309 4052 1567 4155 Imperatorem
1591 4059 1900 4144 Maximilianum,
1946 4062 2120 4135 miserunt
2141 4065 2304 4155 legatum

366 4154 442 4228 llll.
474 4156 596 4229 Pistor
611 4157 759 4254 quidam
770 4160 934 4232 Viennae
946 4162 1014 4232 luit
1029 4165 1131 4233 valde
1147 4164 1258 4249 dives,

259 4256 309 4328 ite
346 4272 387 4331 ut
421 4273 497 4330 tota
530 4261 654 4334 civitas
684 4267 728 4334 de
751 4264 862 4358 ipsius
886 4266 1021 4337 divitiis
1051 4268 1257 4339 miraretur.

257 4359 329 4440 ¹llic
341 4358 470 4434 habuit
484 4365 684 4451 famulum,
712 4369 812 4440 cuius
828 4392 938 4461 opera
955 4370 994 4439 in
1011 4369 1161 4463 pistorio
1180 4373 1258 4441 offi-

261 4465 318 4535 cio
335 4468 514 4538 utebatur.
561 4468 731 4563 Quicum
749 4472 856 4542 sciret
869 4472 1059 4544 dominum
1074 4497 1149 4545 esse
1166 4475 1258 4545 divi·

260 4579 354 4650 tem,
381 4582 418 4637 et
432 4571 615 4662 cognitum
632 4598 779 4670 quoque
795 4571 964 4661 haberet,
988 4577 1050 4647 ubi
1068 4573 1256 4649 thesauros

260 4694 345 4741 euos
359 4665 527 4757 baberet,
554 4675 645 4764 petit
657 4677 801 4748 veniam
818 4704 838 4748 a
855 4680 1005 4750 domino
1023 4704 1109 4766 suo,
1142 4694 1177 4751 ct
1195 4707 1256 4776 pe-

259 4771 305 4841 tit
319 4777 541 4858 mercedem,
567 4784 804 4868 praetendens
821 4784 979 4879 aliquam
998 4808 1140 4855 causam
1164 4786 1257 4855 veri·

259 4875 427 4946 similem.
492 4876 672 4953 Dominus
693 4898 882 4958 contentus
905 4910 946 4956 ea
970 4910 1096 4972 cansa,
1138 4889 1201 4958 dat
1223 4888 1256 4960 ei

259 5002 363 5049 ruam
386 4984 612 5069 mercedem,
646 4999 682 5055 et
705 5011 829 5060 servus
852 4989 937 5061 satis
962 5003 1127 5060 amanter
1143 4991 1188 5061 ab
1211 5016 1255 5061 eo

260 5081 440 5189 dlscedit3
474 5085 599 5157 Altero
617 5090 676 5158 die
692 5115 835 5162 summo
850 5115 957 5162 mane
976 5093 1070 5162 redit
1088 5118 1129 5164 ac
1143 5093 1257 5164 intrat

258 5186 384 5270 aedes,
411 5190 548 5260 accedit
574 5191 732 5282 primum
758 5198 802 5265 ad
826 5220 930 5267 suum
954 5220 1166 5268 conservum
1192 5198 1257 5266 ali-

258 5292 475 5385 quantulum
520 5307 788 5385 aegrotantem,
843 5311 878 5367 et
914 5299 1083 5368 interficit
1124 5300 1256 5392 ipsum,

257 5390 390 5462 deinde
419 5394 583 5477 ancillas;
627 5402 774 5470 taudem
799 5401 940 5473 intrans
967 5403 1157 5487 conclave,
1193 5401 1256 5473 ubi

258 5494 428 5566 dominus
443 5522 524 5567 cum
541 5500 690 5570 domina
714 5504 938 5589 dormiebat,
971 5518 1005 5575 et
1030 5505 1128 5599 ipsos
1146 5505 1257 5576 inter·

296 5724 329 5791 t)
347 5727 471 5792 turture]
490 5730 574 5784 cod:
598 5731 726 5786 trectense

1310 4166 1474 4248 adeum,
1499 4176 1540 4234 ut
1555 4162 1623 4257 ipsi
1639 4162 1813 4233 indiceret
1827 4164 1959 4234 bellum
1976 4160 2033 4236 his
2052 4164 2185 4237 verbis:
2219 4165 2301 4235 Ma-

1309 4262 1734 4358 ximilianellrnperatom
1769 4279 1912 4337 senatus
1933 4269 2160 4364 populusque
2186 4266 2304 4338 Vene-

1309 4383 1367 4445 tus
1390 4368 1517 4439 indicit
1539 4369 1605 4439 tibi
1625 4368 1758 4439 bellum
1782 4382 1876 4439 terra
1904 4371 2079 4467 marique.
2134 4370 2218 4465 Quo
2243 4396 2308 4443 au-

1310 4474 1406 4560 dito,
1432 4473 1619 4564 respondit
1632 4468 1900 4545 Maximilianus
1915 4498 2023 4568 quam
2040 4474 2306 4569 simplicissime

1310 4576 1447 4673 dicens:
1473 4570 1526 4645 Ite
1546 4589 1580 4645 et
1604 4574 1714 4646 simili
1735 4575 1883 4647 stultitia
1907 4576 2017 4667 gerite
2041 4577 2207 4677 bellum,¹
2234 4603 2306 4672 qua

1309 4677 1485 4759 indicitis;
1526 4676 1565 4747 ¹id
1590 4674 1688 4774 quod
1711 4691 1748 4749 et
1771 4693 1894 4769 postea
1919 4679 2052 4751 lactum
2077 4694 2142 4752 est.
2209 4679 2306 4753 Nam

1307 4780 1439 4853 Veneti
1469 4782 1583 4851 coacti
1612 4793 1696 4851 sunt
1718 4795 1838 4873 petere
1861 4807 1988 4875 pacem
2013 4782 2304 4852 aMaximiliano

1309 4886 1429 4957 oblata
1448 4908 1577 4976 magna
1595 4884 1628 4953 ei
1642 4884 1815 4977 pecuniae
1830 4910 1983 4956 summa.

1412 4984 1488 5059 XV.
1522 4987 1662 5059 Accidit
1675 4986 1891 5083 aliquando,
1916 5001 1957 5059 ut
1970 4989 2067 5058 iuxta
2085 4986 2310 5057 Maximilia-

1308 5116 1396 5161 num
1426 5089 1604 5186 equitaret
1636 5089 1784 5185 quidam
1817 5092 1956 5175 fatuus,
2009 5104 2044 5160 et
2074 5116 2155 5161 cum
2189 5090 2309 5162 ferula

1307 5195 1421 5280 forte,
1461 5217 1532 5287 qua
1557 5194 1770 5265 moderabat
1790 5218 1942 5289 equum,
1986 5192 2153 5286 attigissit
2175 5218 2308 5264 nasum

1308 5294 1540 5390 Imperatoris
1551 5295 1810 5382 Maximiliani,
1836 5297 1898 5391 qui
1916 5309 1993 5366 crat
2011 5297 2044 5367 ei
2058 5296 2144 5368 satis
2162 5298 2307 5387 longus,

1308 5397 1510 5493 Imperator
1539 5412 1592 5470 est
1623 5411 1825 5470 commotus
1851 5398 1973 5496 aliquo
2003 5401 2126 5471 modo.
2195 5398 2309 5494 Quod

1310 5529 1390 5574 cum
1406 5501 1553 5572 vidisset
1567 5503 1707 5586 stultus,
1730 5501 1836 5570 dixit:
1864 5503 2037 5600 Duitttt,
2054 5512 2089 5578 td
2107 5503 2185 5596 ttut
2201 5504 2310 5577 duem

1309 5608 1361 5680 nit
1376 5606 1472 5693 mot.
1498 5608 1554 5678 ber
1568 5614 1604 5680 et
1618 5606 1670 5679 nit
1684 5609 1837 5700 gettinbt
1853 5603 1904 5695 ill.
1954 5606 2037 5699 Quo
2053 5629 2229 5698 responso
2245 5607 2312 5679 de-

1309 5710 1457 5781 lectatus
1476 5708 1744 5780 Maximilianus
1760 5708 1898 5800 ignovit
1914 5710 1959 5778 ei.
