5125 6525
383 464 461 540 sos
526 448 536 471 ·‘
855 453 878 470 ··
989 409 1112 533 run..
1146 458 1261 533 uun.
1296 458 1501 533 scnnra
1531 396 1869 574 rnuoeomcu
2342 460 2422 535 eoa

477 631 687 726 Optativus,
729 656 802 726 quo
832 644 1025 723 optamus,
1065 632 1371 715 nonndefinimus,
1397 631 1648 723 'vesperascit
1716 630 1935 724 Quanquam
1966 641 2086 698 autem
2115 628 2314 720 composita
2338 630 2424 700 imi·

375 739 463 834 quid
477 740 553 807 fiat.
607 733 779 827 Adeoque
804 736 1001 826 degenerat
1028 736 1072 804 ab
1095 734 1312 817 indicativo,
1333 748 1375 804 ut
1423 748 1543 805 lentur
1567 733 1858 824 coniugationem
1882 730 2118 822 simplicium,
2159 743 2200 800 ut
2220 733 2313 801 facio
2338 735 2422 819 feci,

376 845 422 910 ad
440 839 694 910 absolvendam
713 837 927 908 sententiam
950 839 1024 906 lere
1051 837 1224 908 adsciscat
1247 839 1373 922 adver·
1425 836 1575 906 conficio
1611 836 1766 919 confeci,
1810 846 1932 903 tamen
1966 835 2185 923 degenerant
2219 835 2420 929 aliquando

373 944 474 1013 bium
511 940 672 1032 optandi.
746 939 896 1010 Utinam
937 940 1098 1009 moribus
1133 940 1374 1031 exprimerent
1425 941 1554 1021 verba,
1582 952 1621 1010 ut
1640 964 1659 1007 a
1677 961 1846 1035 spernere
1861 938 1902 1005 fit
1916 934 1964 1031 ⁸⁸)
1990 935 2196 1028 aspernari,
2229 949 2264 1005 et
2285 962 2306 1005 a
2329 942 2420 1010 dare

376 1042 558 1117 Christum
584 1042 774 1125 mortales,
801 1066 876 1110 non
901 1044 1136 1133 profanarent
1159 1043 1280 1133 impiis
1303 1043 1373 1113 dis·
1426 1043 1463 1111 in
1488 1041 1632 1111 tertiam
1657 1041 1814 1132 migrant
1836 1038 2057 1130 composita,
2099 1063 2118 1106 a
2149 1051 2309 1109 sternere
2333 1065 2420 1111 con-

378 1146 627 1242 putationibus
641 1143 699 1241 ⁸⁴).
773 1146 882 1236 Apud
915 1144 1150 1229 Terentium,
1189 1145 1240 1216 Ut
1270 1145 1372 1215 illum
1425 1157 1605 1228 sternam,
1638 1168 1659 1211 a
1683 1144 1802 1234 specio
1828 1142 2020 1234 suspicari,
2054 1140 2191 1212 alacio
2211 1144 2420 1233 gratificari,

378 1250 441 1321 Dii
459 1248 629 1342 Deaeque
648 1271 772 1316 omnes
788 1248 954 1337 perdant.
1425 1273 1446 1317 a
1463 1261 1566 1318 verto
1581 1258 1746 1316 revertor
1763 1258 1798 1316 et
1813 1246 1991 1326 divertor,
2018 1244 2236 1336 deponentia
2245 1243 2306 1342 ⁸⁰).

414 1438 417 1445 Ι
478 1349 751 1431 Subiunctivus,
792 1352 842 1417 ita
864 1361 1037 1432 vocatur,
1074 1349 1266 1442 quodnisi
1291 1350 1373 1418 sub·

346 1457 348 1461 ⁴
378 1456 520 1523 iiciatur
537 1452 640 1522 alteri
655 1450 831 1534 orationi,
858 1476 923 1542 per
938 1475 1014 1520 sese
1032 1476 1107 1519 non
1124 1453 1277 1521 absolvit
1294 1476 1373 1520 sen-

376 1557 548 1637 tentiam,
575 1553 680 1625 utlta
700 1556 845 1623 demum
864 1553 1046 1623 florebunt
1071 1555 1198 1637 urbes,
1215 1554 1261 1624 'si
1287 1579 1373 1645 pue·
1527 1555 1703 1624 Personas
1724 1578 1848 1624 sensus
1869 1552 2071 1623 communis
2093 1551 2273 1624 discernit.
2326 1555 2455 1646 Sunt·

376 1683 437 1729 ros
450 1655 611 1728 honestis
628 1656 824 1748 disciplinis
842 1659 886 1724 ad
910 1657 1078 1726 virtutem
1102 1657 1373 1727 adsuefecerint.
1425 1670 1543 1725 autem
1561 1670 1650 1727 tres:
1677 1654 1820 1738 Prima,
1845 1680 1910 1747 ego
1925 1657 2022 1747 lego;
2049 1654 2232 1738 Secunda,
2259 1669 2299 1726 tu
2311 1657 2418 1748 legis,

478 1759 678 1829 Infinitivus
695 1760 839 1827 additur
856 1759 934 1828 aliis
952 1761 1088 1844 modis,
1114 1763 1210 1829 unde
1234 1772 1373 1829 mutue·
1425 1760 1569 1843 Tertia,
1596 1760 1655 1828 ille
1671 1758 1767 1849 legit.

380 1875 439 1932 tur
455 1861 501 1954 οὗ)
525 1886 717 1954 personam
747 1875 781 1954 et
803 1885 1016 1946 numerum,
1058 1876 1118 1946 ut,
1152 1861 1372 1932 Beneficium
1528 1863 1620 1932 Sunt
1640 1873 1761 1930 autem
1785 1859 1939 1952 duplicia
1956 1860 2087 1943 verba,
2114 1859 2184 1928 alia
2200 1862 2418 1952 personalia,

380 1967 560 2057 accipere,
585 1959 786 2033 libertatem
806 1966 962 2033 vendere
982 1979 1045 2036 est.
1209 1953 1213 1960 ’
1426 1988 1517 2057 quae
1542 1965 1640 2034 iuxta
1666 1987 1837 2054 personas
1859 1961 2065 2042 variantur;
2100 1963 2170 2030 alia
2194 1964 2420 2055 impersona-

482 2064 580 2162 lnw)
596 2069 724 2136 modos
741 2069 929 2136 commode
945 2068 1114 2137 videntur
1127 2067 1254 2136 reierri
1269 2090 1372 2157 posse
1424 2066 1493 2149 lia,
1517 2091 1609 2161 quae
1626 2090 1735 2135 unam
1752 2090 1876 2134 vocem
1895 2066 2052 2134 incertae
2072 2089 2247 2156 personae
2268 2062 2418 2150 babent,

381 2169 516 2259 Supina
534 2182 569 2238 et
585 2170 792 2254 Gerundia,
818 2173 862 2240 de
885 2195 1039 2264 quorum
1060 2195 1125 2240 usu
1143 2195 1183 2238 ac
1197 2170 1373 2260 significa·
1425 2181 1466 2239 ut
1479 2168 1631 2260 legitur,
1657 2180 1821 2260 oportet,
1847 2170 1890 2247 de
1905 2168 2035 2261 quibus
2048 2168 2142 2237 infra
2158 2169 2327 2240 dicemus.

379 2271 478 2340 tione
492 2271 529 2340 in
547 2273 695 2365 Syntaxi
710 2273 980 2364 praecipiemus.

480 2374 663 2445 Gerundia
681 2377 773 2444 dicta
792 2388 893 2459 sunt,
922 2378 1019 2468 quod
1035 2399 1157 2466 gerere
1171 2388 1206 2443 et
1219 2372 1373 2443 admini-

376 2488 490 2547 strare
508 2478 645 2571 aliquid
659 2477 871 2568 significent,
898 2490 951 2560 ut,
976 2478 1090 2567 surgit
1106 2480 1152 2546 ad
1168 2478 1372 2546 dicendum.
1451 2512 1457 2523 ·
1632 2472 1850 2564 Singularis,
1954 2485 1995 2542 ut
2011 2473 2102 2564 lego.

320 2584 323 2587 ’
481 2579 628 2670 Supinis
650 2580 793 2649 videtur
816 2603 951 2648 nomen
975 2580 1058 2649 inde
1082 2582 1237 2662 factum,
1273 2582 1371 2672 quod
1634 2576 1810 2659 Pluralis,
1877 2625 1887 2644 .
1947 2576 2166 2667 utlegimus.

377 2692 460 2756 ante
477 2706 514 2751 se
531 2707 651 2754 casum
666 2706 742 2750 non
758 2677 984 2779 habeant⁸⁷).
1846 2671 1854 2679 ”

1796 1417 2042 1487 Personae.

1821 2336 2023 2407 Numeri.

1730 2745 2111 2836 Coniugationes.

749 2852 778 2919 F
795 2854 805 2918 i
823 2880 847 2943 s*
860 2879 884 2922 ¹¹
899 2877 952 2920 ¹²¹
972 2878 1002 2921 θ·
1527 2882 1694 2974 Quatuor
1709 2896 1803 2951 sunt.
1846 2879 1989 2950 Primae
2005 2877 2189 2954 character
2205 2898 2291 2955 esta
2309 2886 2417 2976 longa

482 2982 602 3053 Duae:
630 2984 807 3075 Simplex,
833 2987 988 3077 utlego;
1016 2986 1238 3077 Composita,
1262 2986 1373 3055 utin·
1424 2985 1463 3054 in
1487 2983 1687 3068 infinitivo,
1728 2997 1768 3054 ut
1791 2985 1918 3062 beare;
1958 2981 2142 3055 Secundae
2166 3012 2184 3055 e
2207 2988 2336 3078 longa,
2380 3002 2422 3059 ut

370 3083 511 3176 'telligo
565 3084 818 3179 Decomposita
835 3100 967 3158 vocant
985 3113 1027 3159 ex
1044 3088 1251 3180 compositis
1266 3088 1372 3176 [nata,
1424 3091 1572 3167 docere;
1611 3086 1758 3157 Tertiae
1773 3112 1799 3178 ⁸e
1822 3086 1962 3169 brevis,
1988 3100 2029 3156 ut
2045 3091 2216 3170 condere;
2257 3090 2420 3184 Quartae

262 3223 267 3231 =
376 3189 701 3281 utperterreiacio.
745 3189 813 3260 llic
828 3191 932 3283 pueri
952 3193 1170 3261 mutationes
1185 3192 1393 3260 literarum
1425 3192 1579 3282 ilonga,
1604 3202 1646 3258 ut
1661 3190 1819 3260 condire.

379 3304 414 3362 et
440 3316 555 3363 crases
582 3295 791 3377 observent,
823 3307 864 3368 ut
888 3297 1027 3379 allicio,
1071 3318 1114 3364 ex
1138 3297 1183 3364 ad
1211 3308 1246 3364 et
1266 3296 1372 3379 facio,
1526 3291 1592 3365 Est
1614 3305 1734 3362 autem
1760 3295 1924 3386 analogia
1952 3296 1991 3364 in
2017 3294 2270 3386 coniugatione
2291 3298 2420 3381 facilis,

377 3418 487 3486 cogo,
514 3397 617 3488 quasi
639 3420 771 3488 coago,
799 3398 1006 3470 concutioa
1033 3397 1179 3493 quatio,
1212 3422 1372 3469 successo
1425 3409 1460 3466 et
1476 3420 1568 3490 quae
1584 3396 1684 3465 nullo
1708 3397 1854 3489 negotio
1877 3423 1919 3468 ex
1933 3396 2079 3468 Donato
2102 3399 2269 3488 cognosci
2293 3402 2420 3491 possit.

378 3508 579 3591 atquasso,
621 3511 656 3567 et
686 3502 814 3583 redeo,
854 3503 876 3570 d
909 3501 1141 3593 interposita,
1183 3524 1251 3594 pro
1276 3524 1373 3585 reeo,
1423 3495 1466 3567 In
1486 3498 1688 3590 praeteritis
1715 3511 1749 3568 et
1776 3501 1913 3592 supinis
1937 3514 1989 3571 est
2012 3501 2184 3584 varietas,
2220 3527 2314 3595 quae
2338 3503 2420 3572 dili-

378 3600 526 3692 porrigo
552 3627 570 3668 a
595 3625 705 3692 porro
728 3615 763 3670 et
791 3626 898 3693 rego,
944 3607 1123 3696 portendo
1155 3628 1310 3695 aporro
1338 3617 1373 3674 et
1425 3614 1548 3695 genter
1571 3613 1623 3672 est
1647 3601 1769 3692 pueris
1791 3603 2038 3693 perdiscenda.
2106 3603 2184 3674 Nisi
2213 3605 2310 3673 enim
2334 3632 2420 3676 con·

378 3705 499 3772 tendo.
1424 3705 1644 3796 iugationem
1662 3717 1835 3797 tanquam
1859 3706 1990 3796 digitos
2017 3730 2223 3800 unguesque
2246 3734 2331 3779 suos
2352 3735 2420 3778 no-

286 3897 289 3902 ,
481 3801 536 3872 De
550 3804 615 3871 tali
632 3803 832 3874 mutatione
855 3805 1044 3877 literarum
1071 3821 1105 3877 et
1127 3808 1165 3875 iu
1187 3810 1373 3901 praeposi·
1424 3807 1499 3876 rint
1516 3805 1754 3891 exactissime,
1789 3831 1864 3877 non
1888 3833 1972 3878 raro
1994 3810 2032 3878 in
2046 3811 2163 3879 medio
2179 3835 2346 3882 sermone
2362 3837 2419 3881 re·

378 3903 537 3974 tionibus
567 3918 602 3973 et
629 3906 667 3973 in
697 3906 834 3991 verbis,
875 3909 1097 4001 praecipitur
1121 3910 1160 3977 in
1183 3908 1373 4003 orthogra-
1424 3911 1550 3981 sistent
1565 3910 1990 4002 etobmutescent,·cum
2015 3925 2237 3984 commutare
2253 3940 2321 4007 pro
2339 3941 2420 3986 sen·

330 4047 334 4050 -
379 4002 477 4098 pbia.
1425 4012 1620 4083 tentiarum
1652 4012 1825 4082 varietate
1854 4016 2047 4084 verborum
2083 4041 2183 4087 casus
2206 4043 2282 4087 non
2313 4032 2422 4109 pote-

481 4109 574 4179 Sunt
603 4111 823 4179 admonendi
852 4113 975 4203 pueri,
1018 4116 1116 4209 quod
1143 4117 1372 4208 quorundam
1424 4129 1521 4186 runt.
1567 4116 1754 4208 Quaedam
1772 4118 1880 4186 verba
1897 4132 2034 4189 veteres
2049 4120 2149 4189 varie
2166 4121 2418 4213 coniugamnt,

379 4213 661 4303 compositorum
680 4209 837 4283 themata
855 4239 931 4284 non
949 4230 1089 4286 extant:
1124 4219 1252 4300 fendo,
1277 4219 1372 4287 unde
1425 4231 1465 4290 ut
1478 4217 1591 4290 strido
1606 4218 1745 4303 stridis,
1774 4232 1810 4287 et
1826 4221 1960 4292 strideo
1977 4222 2123 4306 strides,
2152 4225 2270 4315 potior
2285 4224 2419 4314 potiris

378 4315 551 4400 delendo,
593 4315 758 4397 offendo;
806 4319 947 4408 specio,
989 4323 1084 4391 unde
1116 4320 1251 4413 aspicio
1289 4333 1373 4398 etc.;
1425 4322 1582 4414 potitur,
1615 4321 1653 4389 in
1671 4322 1971 4418 quartailonga,
2008 4339 2042 4394 et
2064 4327 2221 4419 potitur,
2254 4327 2293 4396 in
2309 4329 2419 4398 tertia

377 4417 519 4509 perior,
559 4423 654 4490 unde
685 4421 869 4513 experior;
911 4424 1038 4514 pedio,
1076 4425 1173 4492 unde
1204 4424 1373 4517 expedio;
1425 4425 1589 4510 ibrevi,
1637 4423 1721 4496 binc
1749 4429 1859 4520 potiri
1893 4432 2062 4518 dicimus,
2108 4447 2142 4503 et
2177 4435 2266 4504 oriri
2300 4435 2420 4521 oriris,

285 4547 290 4555 ⁸
377 4519 455 4603 leo,
486 4522 618 4608 idest,
651 4522 748 4607 lino,
783 4526 877 4595 unde
901 4526 1017 4596 deleo.
1084 4525 1262 4596 Videntur
1291 4541 1371 4596 eta
1426 4530 1547 4624 quarti
1563 4530 1716 4610 ordinis;
1743 4546 1826 4602 sunt
1842 4535 1972 4629 reliqui
1988 4561 2087 4608 casus
2101 4539 2175 4607 lere
2193 4540 2301 4610 tertii.
2334 4537 2420 4610 Non

277 4667 278 4676 η
378 4621 525 4719 Graecis
542 4630 720 4720 quaedam
736 4638 840 4711 nata,
867 4629 1141 4720 utsuffragora
1166 4625 1372 4726 φράζομαι,
1426 4634 1522 4702 enim
1542 4633 1693 4704 dicimus
1711 4635 1991 4731 oriturilonga.
2048 4641 2106 4709 Sic
2128 4653 2163 4710 et
2187 4643 2422 4712 vetustissimi

379 4724 558 4811 delibero,
600 4741 635 4796 et
668 4729 801 4820 impleo
826 4755 844 4798 a
871 4736 973 4812 niui3
1014 4732 1170 4825 percello
1197 4756 1216 4800 a
1241 4729 1371 4824 xe'ttur,
1426 4737 1564 4806 morior
1582 4737 1682 4806 varie
1699 4738 1958 4831 coniugarunt,
1985 4768 2080 4813 nunc
2093 4744 2200 4813 tertio
2222 4746 2421 4842 tantumffl)

378 4852 527 4913 moveo,
567 4831 729 4923 impello.
797 4832 985 4926 Quaedam
1012 4859 1054 4904 ex
1080 4833 1288 4905 nominibus
1310 4861 1373 4904 na·
1427 4841 1553 4910 ordine
1568 4839 1732 4911 flectitur.

377 4945 546 5016 stimuli,
572 4946 612 5003 ¹¹²
632 4945 826 5054 P²f¹¹⁰⁰f03
860 4933 1096 5058 architector,
1123 4932 1373 5058 Pill¹⁰⁵⁰Ph⁰fs
1526 4960 1644 5030 Porro
1662 4963 1850 5054 praeteriti
1872 4964 2057 5035 indicativi
2082 4956 2201 5037 casum
2225 4966 2421 5038 imitantur

297 5116 301 5123 .
377 5055 462 5102 ΜΠ]
483 5047 517 5105 θῑ
533 5037 645 5107 mulla
660 5038 834 5130 ⁸¹¹1¹Pl¹⁰1³
854 5065 873 5108 ἃ
892 5042 1101 5112 ¹¹⁰ffi¹¹¹¹h¹¹⁸
1120 5054 1307 5128 muniuit
1334 5057 1375 5113 Ul
1426 5064 1617 5156 praeterita
1634 5066 1672 5134 in
1690 5066 1768 5136 aliis
1790 5067 1928 5150 modis,
1953 5068 2113 5140 futurum
2138 5068 2242 5139 etiam
2266 5070 2421 5141 coniun-

375 5189 577 5203 —---------
1427 5169 1522 5238 clivi.
1574 5165 1649 5237 lam
1675 5180 1709 5238 et
1732 5163 1801 5238 boc
1827 5171 1998 5239 monendi
2023 5185 2106 5243 sunt
2119 5173 2243 5265 pueri,
2270 5177 2421 5268 quodsi

412 5283 461 5350 0⁴)
482 5287 592 5338 Utinam
609 5317 643 5325 —
661 5291 918 5354 disputationibus]
937 5293 1022 5348 Editt.
1047 5293 1141 5361 tm,
1159 5309 1184 5344 s.
1196 5306 1238 5346 n:
1263 5295 1374 5346 Utinam

446 5357 526 5418 pueri
549 5359 738 5422 obtemperent
768 5363 1013 5426 praeceptoribus,
1051 5363 1156 5414 utinen
1185 5366 1375 5429 obtemperent
1586 5394 1590 5402 ·
1807 5400 1809 5405 .

450 5424 579 5490 cbristo,
609 5430 780 5491 promittenti
800 5432 862 5482 bute
879 5432 965 5483 retati
984 5443 1102 5496 reguum
1119 5434 1271 5490 coelorum.
1459 5419 1509 5487 ⁸⁸)
1527 5418 1570 5487 fill
1589 5424 1625 5472 ΙΙ)
1642 5423 1693 5475 ¹²¹·
1708 5433 1732 5476 ¹·
1750 5433 1776 5473 ⁸·
1795 5425 1884 5474 alm·

411 5510 462 5571 θ’)
480 5515 636 5577 Ιιιιιιιοΐιπ]
655 5516 740 5567 Mlti·
762 5516 854 5584 Μ,
872 5532 896 5572 ··
909 5530 953 5571 c:
978 5520 1120 5570 nutum
1459 5523 1510 5581 ot)
1528 5521 1668 5589 divertor,
1685 5524 1862 5589 amonensis]
1881 5523 1966 5577 raus.
1982 5526 2075 5592 uec,
2092 5538 2116 5581 s.
2130 5539 2172 5582 e:
2203 5528 2331 5581 caverem
2348 5529 2423 5581 nunt

412 5594 462 5661 86)
481 5599 743 5665 tamdictum„
764 5616 787 5653 s.
801 5614 844 5655 a:
869 5604 911 5655 Ad
1495 5592 1669 5655 deponentia

348 5690 351 5695 ⁴
414 5679 467 5740 w)
478 5669 626 5749 'minuta
642 5687 728 5744 misc.
745 5689 840 5755 run,
859 5703 884 5742 ι.
896 5699 940 5741 s:
965 5692 1077 5744 ussat.
1460 5693 1508 5760 so)
1525 5696 1647 5757 anun]
1659 5695 1703 5749 no
1715 5697 1799 5749 uret.
1815 5695 1908 5763 iaec,
1926 5709 1951 5748 ι.
1966 5708 2010 5762 e,
2028 5699 2112 5751 rust
2127 5700 2214 5767 raas,
2234 5700 2309 5753 aare.
2326 5702 2423 5753 unm
