<?xml version="1.0" encoding="UTF-8"?>
<!DOCTYPE html PUBLIC "-//W3C//DTD XHTML 1.0 Transitional//EN"
    "http://www.w3.org/TR/xhtml1/DTD/xhtml1-transitional.dtd">
<html xmlns="http://www.w3.org/1999/xhtml" xml:lang="en" lang="en">
 <head>
  <title>
</title>
<meta http-equiv="Content-Type" content="text/html;charset=utf-8" />
  <meta name='ocr-system' content='tesseract 3.04.00' />
  <meta name='ocr-capabilities' content='ocr_page ocr_carea ocr_par ocr_line ocrx_word'/>
</head>
<body>
  <div class='ocr_page' id='page_1' title='image "./philippimelanth20melagoog_0193.png"; bbox 0 0 5125 6525; ppageno 0'>
   <div class='ocr_carea' id='block_1_1' title="bbox 177 414 2306 534">
    <p class='ocr_par' dir='ltr' id='par_1_1' title="bbox 177 414 2306 534">
     <span class='ocr_line' id='line_1_1' title="bbox 177 414 2306 534; baseline -0.005 0"><span class='ocrx_word' id='word_1_1' title='bbox 177 414 218 516; x_wconf 65' lang='lat' dir='ltr'>Q</span> <span class='ocrx_word' id='word_1_2' title='bbox 261 457 338 534; x_wconf 77' lang='lat'><strong>4⁶5</strong></span> <span class='ocrx_word' id='word_1_3' title='bbox 609 439 612 446; x_wconf 82' lang='grc'><strong><em>’</em></strong></span> <span class='ocrx_word' id='word_1_4' title='bbox 890 457 1013 531; x_wconf 78' lang='lat' dir='ltr'><strong>ratu.</strong></span> <span class='ocrx_word' id='word_1_5' title='bbox 1042 456 1155 530; x_wconf 77' lang='lat' dir='ltr'><strong>unu.</strong></span> <span class='ocrx_word' id='word_1_6' title='bbox 1182 453 1384 528; x_wconf 80' lang='lat' dir='ltr'><strong>sctttPTA</strong></span> <span class='ocrx_word' id='word_1_7' title='bbox 1411 449 1679 524; x_wconf 75' lang='lat' dir='ltr'><strong>msroarca,</strong></span> <span class='ocrx_word' id='word_1_8' title='bbox 2166 424 2170 432; x_wconf 83' lang='lat'><em>&#39;</em></span> <span class='ocrx_word' id='word_1_9' title='bbox 2226 448 2306 523; x_wconf 78' lang='lat'><strong>4⁵6</strong></span> 
     </span>
    </p>
   </div>
   <div class='ocr_carea' id='block_1_2' title="bbox 223 622 2325 5754">
    <p class='ocr_par' dir='ltr' id='par_1_2' title="bbox 258 622 2306 928">
     <span class='ocr_line' id='line_1_2' title="bbox 258 622 2306 723; baseline -0.005 -22"><span class='ocrx_word' id='word_1_10' title='bbox 258 644 336 701; x_wconf 85' lang='lat' dir='ltr'><strong>tam</strong></span> <span class='ocrx_word' id='word_1_11' title='bbox 359 632 536 723; x_wconf 88' lang='lat' dir='ltr'><strong>praestitit</strong></span> <span class='ocrx_word' id='word_1_12' title='bbox 557 633 595 700; x_wconf 92' lang='lat' dir='ltr'><strong>in</strong></span> <span class='ocrx_word' id='word_1_13' title='bbox 618 633 856 723; x_wconf 86' lang='lat' dir='ltr'>reprimendis</span> <span class='ocrx_word' id='word_1_14' title='bbox 878 630 1033 701; x_wconf 91' lang='lat' dir='ltr'><strong>hostium</strong></span> <span class='ocrx_word' id='word_1_15' title='bbox 1052 631 1252 712; x_wconf 87' lang='lat' dir='ltr'><strong>conatibus,</strong></span> <span class='ocrx_word' id='word_1_16' title='bbox 1306 629 1438 720; x_wconf 92' lang='lat' dir='ltr'><strong>partim</strong></span> <span class='ocrx_word' id='word_1_17' title='bbox 1461 637 1538 694; x_wconf 89' lang='lat' dir='ltr'><strong>arte</strong></span> <span class='ocrx_word' id='word_1_18' title='bbox 1562 626 1608 692; x_wconf 89' lang='lat' dir='ltr'><strong>ad</strong></span> <span class='ocrx_word' id='word_1_19' title='bbox 1625 623 1844 692; x_wconf 90' lang='lat' dir='ltr'><strong>deditionem</strong></span> <span class='ocrx_word' id='word_1_20' title='bbox 1866 622 1997 711; x_wconf 80' lang='lat' dir='ltr'><strong>coegit3</strong></span> <span class='ocrx_word' id='word_1_21' title='bbox 2024 646 2131 713; x_wconf 80' lang='lat' dir='ltr'><strong>saepe</strong></span> <span class='ocrx_word' id='word_1_22' title='bbox 2151 647 2306 714; x_wconf 90' lang='lat' dir='ltr'><strong>magnos</strong></span> 
     </span>
     <span class='ocr_line' id='line_1_3' title="bbox 259 724 2305 826; baseline -0.004 -22"><span class='ocrx_word' id='word_1_23' title='bbox 259 746 301 804; x_wconf 94' lang='lat' dir='ltr'><strong>ut</strong></span> <span class='ocrx_word' id='word_1_24' title='bbox 334 736 380 802; x_wconf 93' lang='lat' dir='ltr'><strong>ad</strong></span> <span class='ocrx_word' id='word_1_25' title='bbox 414 748 610 803; x_wconf 86' lang='lat' dir='ltr'><strong>extremum</strong></span> <span class='ocrx_word' id='word_1_26' title='bbox 636 735 731 804; x_wconf 91' lang='lat' dir='ltr'><strong>Galli</strong></span> <span class='ocrx_word' id='word_1_27' title='bbox 761 760 822 826; x_wconf 90' lang='lat' dir='ltr'><strong>spe</strong></span> <span class='ocrx_word' id='word_1_28' title='bbox 854 734 990 804; x_wconf 90' lang='lat' dir='ltr'><strong>abiecta</strong></span> <span class='ocrx_word' id='word_1_29' title='bbox 1017 734 1253 826; x_wconf 88' lang='lat' dir='ltr'><strong>recuperandi</strong></span> <span class='ocrx_word' id='word_1_30' title='bbox 1307 728 1480 799; x_wconf 90' lang='lat' dir='ltr'><strong>exercitus</strong></span> <span class='ocrx_word' id='word_1_31' title='bbox 1498 724 1719 796; x_wconf 75' lang='lat' dir='ltr'><strong>Venetorum</strong></span> <span class='ocrx_word' id='word_1_32' title='bbox 1744 725 1968 817; x_wconf 69' lang='lat' dir='ltr'><strong>profligavit,</strong></span> <span class='ocrx_word' id='word_1_33' title='bbox 2002 750 2155 818; x_wconf 91' lang='lat' dir='ltr'><strong>cumque</strong></span> <span class='ocrx_word' id='word_1_34' title='bbox 2173 724 2305 797; x_wconf 88' lang='lat' dir='ltr'><strong>Veneti</strong></span> 
     </span>
     <span class='ocr_line' id='line_1_4' title="bbox 261 822 2306 928; baseline -0.004 -24"><span class='ocrx_word' id='word_1_35' title='bbox 261 836 415 927; x_wconf 88' lang='lat' dir='ltr'><strong>Belgici,</strong></span> <span class='ocrx_word' id='word_1_36' title='bbox 442 861 567 927; x_wconf 81' lang='lat' dir='ltr'><strong>pacem</strong></span> <span class='ocrx_word' id='word_1_37' title='bbox 587 838 682 905; x_wconf 92' lang='lat' dir='ltr'><strong>ultro</strong></span> <span class='ocrx_word' id='word_1_38' title='bbox 699 850 916 928; x_wconf 81' lang='lat' dir='ltr'><strong>expeterent.</strong></span> <span class='ocrx_word' id='word_1_39' title='bbox 1306 855 1485 902; x_wconf 87' lang='lat' dir='ltr'><strong>summam</strong></span> <span class='ocrx_word' id='word_1_40' title='bbox 1504 829 1648 920; x_wconf 92' lang='lat' dir='ltr'><strong>imperii</strong></span> <span class='ocrx_word' id='word_1_41' title='bbox 1665 828 1926 898; x_wconf 80' lang='lat' dir='ltr'><strong>commisissent</strong></span> <span class='ocrx_word' id='word_1_42' title='bbox 1941 822 2225 898; x_wconf 89' lang='lat' dir='ltr'><strong>Bartholemaeo</strong></span> <span class='ocrx_word' id='word_1_43' title='bbox 2243 829 2306 896; x_wconf 90' lang='lat' dir='ltr'><strong>Li-</strong></span> 
     </span>
    </p>

    <p class='ocr_par' dir='ltr' id='par_1_3' title="bbox 261 930 2305 1948">
     <span class='ocr_line' id='line_1_5' title="bbox 363 930 2305 1029; baseline -0.003 -22"><span class='ocrx_word' id='word_1_44' title='bbox 363 938 492 1007; x_wconf 90' lang='lat' dir='ltr'><strong>Postea</strong></span> <span class='ocrx_word' id='word_1_45' title='bbox 521 952 646 1029; x_wconf 89' lang='lat' dir='ltr'><strong>pacata</strong></span> <span class='ocrx_word' id='word_1_46' title='bbox 680 940 815 1008; x_wconf 89' lang='lat' dir='ltr'><strong>ditione</strong></span> <span class='ocrx_word' id='word_1_47' title='bbox 840 937 1090 1027; x_wconf 86' lang='lat' dir='ltr'><strong>Burgundica,</strong></span> <span class='ocrx_word' id='word_1_48' title='bbox 1126 961 1254 1029; x_wconf 90' lang='lat' dir='ltr'><strong>prope·</strong></span> <span class='ocrx_word' id='word_1_49' title='bbox 1308 934 1437 1017; x_wconf 88' lang='lat' dir='ltr'><strong>viano,</strong></span> <span class='ocrx_word' id='word_1_50' title='bbox 1471 957 1577 1027; x_wconf 90' lang='lat' dir='ltr'><strong>quem</strong></span> <span class='ocrx_word' id='word_1_51' title='bbox 1600 956 1733 1017; x_wconf 91' lang='lat' dir='ltr'><strong>unum,</strong></span> <span class='ocrx_word' id='word_1_52' title='bbox 1759 932 1861 1024; x_wconf 86' lang='lat' dir='ltr'><strong>(quia</strong></span> <span class='ocrx_word' id='word_1_53' title='bbox 1887 930 2050 999; x_wconf 90' lang='lat' dir='ltr'><strong>omnium</strong></span> <span class='ocrx_word' id='word_1_54' title='bbox 2075 930 2151 1000; x_wconf 85' lang='lat' dir='ltr'><strong>eius</strong></span> <span class='ocrx_word' id='word_1_55' title='bbox 2174 933 2305 1002; x_wconf 86' lang='lat' dir='ltr'><strong>aetatis</strong></span> 
     </span>
     <span class='ocr_line' id='line_1_6' title="bbox 262 1031 2305 1132; baseline -0.003 -23"><span class='ocrx_word' id='word_1_56' title='bbox 262 1041 357 1109; x_wconf 85' lang='lat' dir='ltr'><strong>ravit</strong></span> <span class='ocrx_word' id='word_1_57' title='bbox 376 1041 414 1110; x_wconf 90' lang='lat' dir='ltr'><strong>in</strong></span> <span class='ocrx_word' id='word_1_58' title='bbox 431 1040 634 1124; x_wconf 82' lang='lat' dir='ltr'><strong>Austriam,</strong></span> <span class='ocrx_word' id='word_1_59' title='bbox 660 1055 700 1110; x_wconf 93' lang='lat' dir='ltr'><strong>ut</strong></span> <span class='ocrx_word' id='word_1_60' title='bbox 722 1043 879 1132; x_wconf 91' lang='lat' dir='ltr'><strong>patrium</strong></span> <span class='ocrx_word' id='word_1_61' title='bbox 903 1040 1082 1110; x_wconf 87' lang='lat' dir='ltr'><strong>Ducatum</strong></span> <span class='ocrx_word' id='word_1_62' title='bbox 1108 1064 1255 1131; x_wconf 91' lang='lat' dir='ltr'><strong>recupe-</strong></span> <span class='ocrx_word' id='word_1_63' title='bbox 1307 1035 1448 1106; x_wconf 92' lang='lat' dir='ltr'><strong>Ducum</strong></span> <span class='ocrx_word' id='word_1_64' title='bbox 1474 1035 1721 1104; x_wconf 87' lang='lat' dir='ltr'><strong>callidissimus</strong></span> <span class='ocrx_word' id='word_1_65' title='bbox 1746 1048 1781 1102; x_wconf 91' lang='lat' dir='ltr'><strong>et</strong></span> <span class='ocrx_word' id='word_1_66' title='bbox 1802 1033 2038 1124; x_wconf 87' lang='lat' dir='ltr'><strong>peritissimus</strong></span> <span class='ocrx_word' id='word_1_67' title='bbox 2061 1032 2100 1101; x_wconf 88' lang='lat' dir='ltr'><strong>in</strong></span> <span class='ocrx_word' id='word_1_68' title='bbox 2116 1031 2219 1103; x_wconf 86' lang='lat' dir='ltr'><strong>ltalia</strong></span> <span class='ocrx_word' id='word_1_69' title='bbox 2237 1058 2305 1126; x_wconf 92' lang='lat' dir='ltr'><strong>pu·</strong></span> 
     </span>
     <span class='ocr_line' id='line_1_7' title="bbox 262 1135 2304 1234; baseline -0.002 -24"><span class='ocrx_word' id='word_1_70' title='bbox 262 1156 372 1212; x_wconf 91' lang='lat' dir='ltr'><strong>raret.</strong></span> <span class='ocrx_word' id='word_1_71' title='bbox 424 1142 517 1212; x_wconf 86' lang='lat' dir='ltr'><strong>Nam</strong></span> <span class='ocrx_word' id='word_1_72' title='bbox 543 1138 733 1226; x_wconf 79' lang='lat' dir='ltr'><strong>Matthias,</strong></span> <span class='ocrx_word' id='word_1_73' title='bbox 761 1144 839 1212; x_wconf 86' lang='lat' dir='ltr'><strong>Rex</strong></span> <span class='ocrx_word' id='word_1_74' title='bbox 859 1143 1094 1226; x_wconf 85' lang='lat' dir='ltr'><strong>Pannoniae,</strong></span> <span class='ocrx_word' id='word_1_75' title='bbox 1121 1144 1253 1211; x_wconf 91' lang='lat' dir='ltr'><strong>bonam</strong></span> <span class='ocrx_word' id='word_1_76' title='bbox 1309 1139 1469 1234; x_wconf 90' lang='lat' dir='ltr'><strong>tabatur)</strong></span> <span class='ocrx_word' id='word_1_77' title='bbox 1503 1139 1761 1229; x_wconf 89' lang='lat' dir='ltr'><strong>opponendum</strong></span> <span class='ocrx_word' id='word_1_78' title='bbox 1783 1161 1858 1206; x_wconf 87' lang='lat' dir='ltr'><strong>esse</strong></span> <span class='ocrx_word' id='word_1_79' title='bbox 1883 1135 2134 1205; x_wconf 87' lang='lat' dir='ltr'><strong>Maximiliano</strong></span> <span class='ocrx_word' id='word_1_80' title='bbox 2157 1161 2304 1207; x_wconf 90' lang='lat' dir='ltr'><strong>censue·</strong></span> 
     </span>
     <span class='ocr_line' id='line_1_8' title="bbox 262 1239 2304 1336; baseline -0.001 -24"><span class='ocrx_word' id='word_1_81' title='bbox 262 1244 427 1314; x_wconf 78' lang='lat' dir='ltr'><strong>Austriae</strong></span> <span class='ocrx_word' id='word_1_82' title='bbox 442 1259 580 1336; x_wconf 89' lang='lat' dir='ltr'><strong>partem</strong></span> <span class='ocrx_word' id='word_1_83' title='bbox 598 1248 782 1314; x_wconf 89' lang='lat' dir='ltr'><strong>ademerat</strong></span> <span class='ocrx_word' id='word_1_84' title='bbox 794 1246 979 1314; x_wconf 89' lang='lat' dir='ltr'><strong>Friderico</strong></span> <span class='ocrx_word' id='word_1_85' title='bbox 997 1243 1067 1329; x_wconf 91' lang='lat' dir='ltr'><strong>lll.‚</strong></span> <span class='ocrx_word' id='word_1_86' title='bbox 1094 1258 1255 1314; x_wconf 89' lang='lat' dir='ltr'><strong>metuens</strong></span> <span class='ocrx_word' id='word_1_87' title='bbox 1308 1254 1408 1309; x_wconf 89' lang='lat' dir='ltr'><strong>rant:</strong></span> <span class='ocrx_word' id='word_1_88' title='bbox 1442 1264 1628 1333; x_wconf 91' lang='lat' dir='ltr'><strong>nunquam</strong></span> <span class='ocrx_word' id='word_1_89' title='bbox 1652 1264 1768 1333; x_wconf 90' lang='lat' dir='ltr'><strong>neque</strong></span> <span class='ocrx_word' id='word_1_90' title='bbox 1794 1239 1876 1307; x_wconf 88' lang='lat' dir='ltr'><strong>ullis</strong></span> <span class='ocrx_word' id='word_1_91' title='bbox 1898 1241 1943 1306; x_wconf 89' lang='lat' dir='ltr'><strong>ab</strong></span> <span class='ocrx_word' id='word_1_92' title='bbox 1968 1264 2010 1307; x_wconf 91' lang='lat' dir='ltr'><strong>eo</strong></span> <span class='ocrx_word' id='word_1_93' title='bbox 2033 1239 2304 1310; x_wconf 82' lang='lat' dir='ltr'><strong>difficultatibus</strong></span> 
     </span>
     <span class='ocr_line' id='line_1_9' title="bbox 261 1338 2302 1438; baseline -0.003 -23"><span class='ocrx_word' id='word_1_94' title='bbox 261 1370 308 1415; x_wconf 92' lang='lat' dir='ltr'><strong>ne</strong></span> <span class='ocrx_word' id='word_1_95' title='bbox 331 1359 412 1437; x_wconf 89' lang='lat' dir='ltr'><strong>post</strong></span> <span class='ocrx_word' id='word_1_96' title='bbox 435 1371 536 1416; x_wconf 93' lang='lat' dir='ltr'><strong>suam</strong></span> <span class='ocrx_word' id='word_1_97' title='bbox 561 1361 714 1416; x_wconf 89' lang='lat' dir='ltr'><strong>mortem</strong></span> <span class='ocrx_word' id='word_1_98' title='bbox 734 1348 912 1417; x_wconf 89' lang='lat' dir='ltr'><strong>Austriaci</strong></span> <span class='ocrx_word' id='word_1_99' title='bbox 938 1371 1087 1438; x_wconf 87' lang='lat' dir='ltr'><strong>regnum</strong></span> <span class='ocrx_word' id='word_1_100' title='bbox 1109 1347 1275 1437; x_wconf 61' lang='lat' dir='ltr'><strong>Hunga-›</strong></span> <span class='ocrx_word' id='word_1_101' title='bbox 1309 1344 1590 1424; x_wconf 85' lang='lat' dir='ltr'><strong>circumventus,</strong></span> <span class='ocrx_word' id='word_1_102' title='bbox 1615 1366 1733 1435; x_wconf 90' lang='lat' dir='ltr'><strong>neque</strong></span> <span class='ocrx_word' id='word_1_103' title='bbox 1755 1341 1830 1409; x_wconf 90' lang='lat' dir='ltr'><strong>acie</strong></span> <span class='ocrx_word' id='word_1_104' title='bbox 1856 1341 1969 1411; x_wconf 88' lang='lat' dir='ltr'><strong>victus</strong></span> <span class='ocrx_word' id='word_1_105' title='bbox 1992 1354 2054 1411; x_wconf 90' lang='lat' dir='ltr'><strong>est.</strong></span> <span class='ocrx_word' id='word_1_106' title='bbox 2107 1338 2185 1433; x_wconf 89' lang='lat' dir='ltr'><strong>lpse</strong></span> <span class='ocrx_word' id='word_1_107' title='bbox 2212 1365 2302 1410; x_wconf 88' lang='lat' dir='ltr'><strong>vero</strong></span> 
     </span>
     <span class='ocr_line' id='line_1_10' title="bbox 262 1443 2304 1538; baseline -0.003 -21"><span class='ocrx_word' id='word_1_108' title='bbox 262 1449 338 1517; x_wconf 85' lang='lat' dir='ltr'><strong>riae</strong></span> <span class='ocrx_word' id='word_1_109' title='bbox 360 1447 428 1518; x_wconf 91' lang='lat' dir='ltr'><strong>sibi</strong></span> <span class='ocrx_word' id='word_1_110' title='bbox 444 1448 678 1521; x_wconf 89' lang='lat' dir='ltr'><strong>vindicarent.</strong></span> <span class='ocrx_word' id='word_1_111' title='bbox 729 1452 782 1518; x_wconf 84' lang='lat' dir='ltr'><strong>Ac</strong></span> <span class='ocrx_word' id='word_1_112' title='bbox 798 1450 1068 1520; x_wconf 88' lang='lat' dir='ltr'><strong>Maximilianus</strong></span> <span class='ocrx_word' id='word_1_113' title='bbox 1084 1473 1159 1518; x_wconf 91' lang='lat' dir='ltr'><strong>non</strong></span> <span class='ocrx_word' id='word_1_114' title='bbox 1178 1463 1256 1517; x_wconf 89' lang='lat' dir='ltr'><strong>tan·</strong></span> <span class='ocrx_word' id='word_1_115' title='bbox 1308 1444 1480 1514; x_wconf 89' lang='lat' dir='ltr'><strong>Livianus</strong></span> <span class='ocrx_word' id='word_1_116' title='bbox 1507 1469 1587 1514; x_wconf 92' lang='lat' dir='ltr'><strong>cum</strong></span> <span class='ocrx_word' id='word_1_117' title='bbox 1616 1469 1721 1538; x_wconf 90' lang='lat' dir='ltr'><strong>saepe</strong></span> <span class='ocrx_word' id='word_1_118' title='bbox 1748 1444 1855 1526; x_wconf 90' lang='lat' dir='ltr'><strong>alias,</strong></span> <span class='ocrx_word' id='word_1_119' title='bbox 1889 1456 1965 1513; x_wconf 89' lang='lat' dir='ltr'><strong>turn</strong></span> <span class='ocrx_word' id='word_1_120' title='bbox 1990 1444 2051 1511; x_wconf 90' lang='lat' dir='ltr'><strong>illa</strong></span> <span class='ocrx_word' id='word_1_121' title='bbox 2074 1443 2304 1513; x_wconf 86' lang='lat' dir='ltr'><strong>memorabili</strong></span> 
     </span>
     <span class='ocr_line' id='line_1_11' title="bbox 262 1545 2304 1642; baseline -0.002 -23"><span class='ocrx_word' id='word_1_122' title='bbox 262 1563 342 1619; x_wconf 90' lang='lat' dir='ltr'><strong>tum</strong></span> <span class='ocrx_word' id='word_1_123' title='bbox 364 1550 499 1640; x_wconf 83' lang='lat' dir='ltr'><strong>recepit</strong></span> <span class='ocrx_word' id='word_1_124' title='bbox 518 1553 681 1642; x_wconf 83' lang='lat' dir='ltr'><strong>patrium</strong></span> <span class='ocrx_word' id='word_1_125' title='bbox 693 1551 896 1634; x_wconf 74' lang='lat' dir='ltr'><strong>Domum,</strong></span> <span class='ocrx_word' id='word_1_126' title='bbox 917 1552 982 1620; x_wconf 87' lang='lat' dir='ltr'><strong>sed</strong></span> <span class='ocrx_word' id='word_1_127' title='bbox 998 1552 1106 1620; x_wconf 85' lang='lat' dir='ltr'><strong>etiam</strong></span> <span class='ocrx_word' id='word_1_128' title='bbox 1122 1552 1258 1642; x_wconf 85' lang='lat' dir='ltr'><strong>ingres·</strong></span> <span class='ocrx_word' id='word_1_129' title='bbox 1309 1572 1428 1641; x_wconf 89' lang='lat' dir='ltr'><strong>pugna</strong></span> <span class='ocrx_word' id='word_1_130' title='bbox 1449 1546 1686 1631; x_wconf 86' lang='lat' dir='ltr'><strong>Vincentina,</strong></span> <span class='ocrx_word' id='word_1_131' title='bbox 1720 1559 1756 1616; x_wconf 91' lang='lat' dir='ltr'><strong>et</strong></span> <span class='ocrx_word' id='word_1_132' title='bbox 1773 1545 1942 1630; x_wconf 89' lang='lat' dir='ltr'><strong>consilio,</strong></span> <span class='ocrx_word' id='word_1_133' title='bbox 1966 1545 2304 1618; x_wconf 76' lang='lat' dir='ltr'><strong>ettonimdiue&#39;su-</strong></span> 
     </span>
     <span class='ocr_line' id='line_1_12' title="bbox 262 1649 2302 1746; baseline -0.003 -23"><span class='ocrx_word' id='word_1_134' title='bbox 262 1676 322 1723; x_wconf 82' lang='lat' dir='ltr'><strong>sus</strong></span> <span class='ocrx_word' id='word_1_135' title='bbox 337 1651 563 1743; x_wconf 89' lang='lat' dir='ltr'><strong>Hungariam</strong></span> <span class='ocrx_word' id='word_1_136' title='bbox 588 1679 668 1722; x_wconf 90' lang='lat' dir='ltr'><strong>cum</strong></span> <span class='ocrx_word' id='word_1_137' title='bbox 695 1655 872 1737; x_wconf 74' lang='lat' dir='ltr'><strong>exercitu,</strong></span> <span class='ocrx_word' id='word_1_138' title='bbox 898 1656 1032 1722; x_wconf 77' lang='lat' dir='ltr'><strong>borram</strong></span> <span class='ocrx_word' id='word_1_139' title='bbox 1054 1655 1157 1744; x_wconf 87' lang='lat' dir='ltr'><strong>regni</strong></span> <span class='ocrx_word' id='word_1_140' title='bbox 1175 1677 1259 1746; x_wconf 81' lang='lat' dir='ltr'><strong>par·</strong></span> <span class='ocrx_word' id='word_1_141' title='bbox 1309 1663 1454 1741; x_wconf 84' lang='lat' dir='ltr'><strong>peratus</strong></span> <span class='ocrx_word' id='word_1_142' title='bbox 1469 1662 1533 1721; x_wconf 85' lang='lat' dir='ltr'><strong>est.</strong></span> <span class='ocrx_word' id='word_1_143' title='bbox 1584 1651 1777 1721; x_wconf 79' lang='lat' dir='ltr'><strong>Nemeum</strong></span> <span class='ocrx_word' id='word_1_144' title='bbox 1794 1661 1911 1720; x_wconf 82' lang='lat' dir='ltr'><strong>essent</strong></span> <span class='ocrx_word' id='word_1_145' title='bbox 1927 1649 2075 1739; x_wconf 79' lang='lat' dir='ltr'><strong>exiguae</strong></span> <span class='ocrx_word' id='word_1_146' title='bbox 2092 1662 2302 1720; x_wconf 89' lang='lat' dir='ltr'><strong>nostrorum</strong></span> 
     </span>
     <span class='ocr_line' id='line_1_13' title="bbox 264 1751 2301 1848; baseline -0.001 -25"><span class='ocrx_word' id='word_1_147' title='bbox 264 1766 337 1823; x_wconf 87' lang='lat' dir='ltr'><strong>tem</strong></span> <span class='ocrx_word' id='word_1_148' title='bbox 359 1755 567 1846; x_wconf 88' lang='lat' dir='ltr'><strong>occupavit,</strong></span> <span class='ocrx_word' id='word_1_149' title='bbox 601 1767 636 1823; x_wconf 94' lang='lat' dir='ltr'><strong>et</strong></span> <span class='ocrx_word' id='word_1_150' title='bbox 656 1756 786 1825; x_wconf 80' lang='lat' dir='ltr'><strong>Albam</strong></span> <span class='ocrx_word' id='word_1_151' title='bbox 814 1756 984 1846; x_wconf 89' lang='lat' dir='ltr'><strong>Regalem</strong></span> <span class='ocrx_word' id='word_1_152' title='bbox 1011 1769 1256 1848; x_wconf 83' lang='lat' dir='ltr'><strong>oppugnatam</strong></span> <span class='ocrx_word' id='word_1_153' title='bbox 1310 1752 1455 1848; x_wconf 61' lang='lat' dir='ltr'><strong>copiae,</strong></span> <span class='ocrx_word' id='word_1_154' title='bbox 1490 1766 1524 1823; x_wconf 92' lang='lat' dir='ltr'><strong>et</strong></span> <span class='ocrx_word' id='word_1_155' title='bbox 1548 1751 1721 1823; x_wconf 89' lang='lat' dir='ltr'><strong>Livianus</strong></span> <span class='ocrx_word' id='word_1_156' title='bbox 1752 1753 1842 1820; x_wconf 90' lang='lat' dir='ltr'><strong>adeo</strong></span> <span class='ocrx_word' id='word_1_157' title='bbox 1864 1764 1999 1819; x_wconf 91' lang='lat' dir='ltr'><strong>certam</strong></span> <span class='ocrx_word' id='word_1_158' title='bbox 2020 1752 2089 1821; x_wconf 88' lang='lat' dir='ltr'><strong>sibi</strong></span> <span class='ocrx_word' id='word_1_159' title='bbox 2111 1751 2301 1821; x_wconf 90' lang='lat' dir='ltr'><strong>victoriam</strong></span> 
     </span>
     <span class='ocr_line' id='line_1_14' title="bbox 267 1854 2303 1948; baseline 0.002 -26"><span class='ocrx_word' id='word_1_160' title='bbox 267 1855 303 1922; x_wconf 90' lang='lat' dir='ltr'><strong>vi</strong></span> <span class='ocrx_word' id='word_1_161' title='bbox 318 1857 423 1948; x_wconf 88' lang='lat' dir='ltr'><strong>cepit.</strong></span> <span class='ocrx_word' id='word_1_162' title='bbox 1309 1855 1555 1947; x_wconf 86' lang='lat' dir='ltr'><strong>promitteret,</strong></span> <span class='ocrx_word' id='word_1_163' title='bbox 1582 1857 1734 1925; x_wconf 84' lang='lat' dir='ltr'><strong>confisus</strong></span> <span class='ocrx_word' id='word_1_164' title='bbox 1758 1867 1794 1924; x_wconf 90' lang='lat' dir='ltr'><strong>et</strong></span> <span class='ocrx_word' id='word_1_165' title='bbox 1814 1877 1966 1924; x_wconf 91' lang='lat' dir='ltr'><strong>numero</strong></span> <span class='ocrx_word' id='word_1_166' title='bbox 1990 1866 2024 1922; x_wconf 91' lang='lat' dir='ltr'><strong>et</strong></span> <span class='ocrx_word' id='word_1_167' title='bbox 2039 1854 2110 1923; x_wconf 92' lang='lat' dir='ltr'><strong>loci</strong></span> <span class='ocrx_word' id='word_1_168' title='bbox 2128 1866 2303 1948; x_wconf 58' lang='lat' dir='ltr'><strong>opportt-</strong></span> 
     </span>
    </p>

    <p class='ocr_par' dir='ltr' id='par_1_4' title="bbox 264 1956 2305 2973">
     <span class='ocr_line' id='line_1_15' title="bbox 367 1956 2302 2052; baseline -0.001 -25"><span class='ocrx_word' id='word_1_169' title='bbox 367 1956 586 2052; x_wconf 84' lang='lat' dir='ltr'><strong>Quanquam</strong></span> <span class='ocrx_word' id='word_1_170' title='bbox 612 1970 731 2028; x_wconf 87' lang='lat' dir='ltr'><strong>autem</strong></span> <span class='ocrx_word' id='word_1_171' title='bbox 749 1957 863 2050; x_wconf 76' lang='lat' dir='ltr'><strong>&#39;potiri</strong></span> <span class='ocrx_word' id='word_1_172' title='bbox 885 1960 1051 2029; x_wconf 91' lang='lat' dir='ltr'><strong>universa</strong></span> <span class='ocrx_word' id='word_1_173' title='bbox 1070 1959 1257 2050; x_wconf 87' lang='lat' dir='ltr'><strong>Hungaria</strong></span> <span class='ocrx_word' id='word_1_174' title='bbox 1309 1958 1441 2040; x_wconf 88' lang='lat' dir='ltr'><strong>nitate,</strong></span> <span class='ocrx_word' id='word_1_175' title='bbox 1466 1970 1508 2027; x_wconf 93' lang='lat' dir='ltr'><strong>ut</strong></span> <span class='ocrx_word' id='word_1_176' title='bbox 1530 1971 1698 2028; x_wconf 88' lang='lat' dir='ltr'><strong>evocaret</strong></span> <span class='ocrx_word' id='word_1_177' title='bbox 1710 1956 1868 2026; x_wconf 88' lang='lat' dir='ltr'><strong>Venetos</strong></span> <span class='ocrx_word' id='word_1_178' title='bbox 1885 1981 1927 2025; x_wconf 91' lang='lat' dir='ltr'><strong>ex</strong></span> <span class='ocrx_word' id='word_1_179' title='bbox 1943 1957 2032 2025; x_wconf 90' lang='lat' dir='ltr'><strong>urbe</strong></span> <span class='ocrx_word' id='word_1_180' title='bbox 2053 1957 2147 2026; x_wconf 89' lang='lat' dir='ltr'><strong>velut</strong></span> <span class='ocrx_word' id='word_1_181' title='bbox 2163 1960 2211 2027; x_wconf 87' lang='lat' dir='ltr'><strong>ad</strong></span> <span class='ocrx_word' id='word_1_182' title='bbox 2224 1977 2302 2049; x_wconf 83' lang='lat' dir='ltr'><strong>spe·</strong></span> 
     </span>
     <span class='ocr_line' id='line_1_16' title="bbox 265 2058 2303 2155; baseline 0 -27"><span class='ocrx_word' id='word_1_183' title='bbox 265 2073 403 2149; x_wconf 84' lang='lat' dir='ltr'><strong>posset,</strong></span> <span class='ocrx_word' id='word_1_184' title='bbox 430 2072 551 2129; x_wconf 83' lang='lat' dir='ltr'><strong>taroen</strong></span> <span class='ocrx_word' id='word_1_185' title='bbox 578 2074 615 2130; x_wconf 90' lang='lat' dir='ltr'><strong>et</strong></span> <span class='ocrx_word' id='word_1_186' title='bbox 640 2074 789 2152; x_wconf 90' lang='lat' dir='ltr'><strong>propter</strong></span> <span class='ocrx_word' id='word_1_187' title='bbox 812 2062 1134 2145; x_wconf 86' lang='lat' dir='ltr'><strong>necessitudinem,</strong></span> <span class='ocrx_word' id='word_1_188' title='bbox 1165 2086 1257 2155; x_wconf 86' lang='lat' dir='ltr'><strong>quae</strong></span> <span class='ocrx_word' id='word_1_189' title='bbox 1311 2062 1508 2143; x_wconf 80' lang='lat' dir='ltr'><strong>ctaculum,</strong></span> <span class='ocrx_word' id='word_1_190' title='bbox 1549 2065 1596 2131; x_wconf 88' lang='lat' dir='ltr'><strong>ad</strong></span> <span class='ocrx_word' id='word_1_191' title='bbox 1619 2062 1821 2134; x_wconf 79' lang='lat' dir='ltr'><strong>,videndam</strong></span> <span class='ocrx_word' id='word_1_192' title='bbox 1850 2061 1993 2127; x_wconf 88' lang='lat' dir='ltr'><strong>caedem</strong></span> <span class='ocrx_word' id='word_1_193' title='bbox 2021 2058 2303 2144; x_wconf 79' lang='lat' dir='ltr'><strong>Germanorum,</strong></span> 
     </span>
     <span class='ocr_line' id='line_1_17' title="bbox 265 2160 2305 2259; baseline 0.001 -28"><span class='ocrx_word' id='word_1_194' title='bbox 265 2161 298 2231; x_wconf 78' lang='lat' dir='ltr'><strong>ei</strong></span> <span class='ocrx_word' id='word_1_195' title='bbox 313 2185 394 2232; x_wconf 86' lang='lat' dir='ltr'><strong>uum</strong></span> <span class='ocrx_word' id='word_1_196' title='bbox 409 2160 567 2253; x_wconf 79' lang='lat' dir='ltr'><strong>Regibus</strong></span> <span class='ocrx_word' id='word_1_197' title='bbox 581 2163 757 2233; x_wconf 90' lang='lat' dir='ltr'><strong>Poloniae</strong></span> <span class='ocrx_word' id='word_1_198' title='bbox 774 2178 864 2248; x_wconf 83' lang='lat' dir='ltr'><strong>erat,</strong></span> <span class='ocrx_word' id='word_1_199' title='bbox 885 2189 927 2235; x_wconf 81' lang='lat' dir='ltr'><strong>ex</strong></span> <span class='ocrx_word' id='word_1_200' title='bbox 945 2189 1101 2259; x_wconf 91' lang='lat' dir='ltr'><strong>quorum</strong></span> <span class='ocrx_word' id='word_1_201' title='bbox 1119 2164 1258 2234; x_wconf 76' lang='lat' dir='ltr'><strong>familia</strong></span> <span class='ocrx_word' id='word_1_202' title='bbox 1310 2162 1438 2245; x_wconf 81' lang='lat' dir='ltr'><strong>nostri,</strong></span> <span class='ocrx_word' id='word_1_203' title='bbox 1453 2163 1633 2235; x_wconf 85' lang='lat' dir='ltr'><strong>intellecto</strong></span> <span class='ocrx_word' id='word_1_204' title='bbox 1650 2160 1807 2233; x_wconf 89' lang='lat' dir='ltr'><strong>hostium</strong></span> <span class='ocrx_word' id='word_1_205' title='bbox 1819 2161 1982 2246; x_wconf 88' lang='lat' dir='ltr'><strong>consilio,</strong></span> <span class='ocrx_word' id='word_1_206' title='bbox 1998 2187 2086 2231; x_wconf 90' lang='lat' dir='ltr'><strong>cum·</strong></span> <span class='ocrx_word' id='word_1_207' title='bbox 2096 2175 2216 2234; x_wconf 84' lang='lat' dir='ltr'><strong>essent</strong></span> <span class='ocrx_word' id='word_1_208' title='bbox 2226 2186 2305 2234; x_wconf 77' lang='lat' dir='ltr'><strong>nnn</strong></span> 
     </span>
     <span class='ocr_line' id='line_1_18' title="bbox 264 2263 2304 2360; baseline 0.001 -29"><span class='ocrx_word' id='word_1_209' title='bbox 264 2264 400 2355; x_wconf 80' lang='lat' dir='ltr'><strong>Regem</strong></span> <span class='ocrx_word' id='word_1_210' title='bbox 418 2263 582 2357; x_wconf 87' lang='lat' dir='ltr'><strong>Hungari</strong></span> <span class='ocrx_word' id='word_1_211' title='bbox 608 2268 862 2347; x_wconf 89' lang='lat' dir='ltr'><strong>accersierant;</strong></span> <span class='ocrx_word' id='word_1_212' title='bbox 891 2281 926 2336; x_wconf 93' lang='lat' dir='ltr'><strong>et</strong></span> <span class='ocrx_word' id='word_1_213' title='bbox 947 2292 993 2336; x_wconf 91' lang='lat' dir='ltr'><strong>ne</strong></span> <span class='ocrx_word' id='word_1_214' title='bbox 1015 2269 1259 2358; x_wconf 69' lang='lat' dir='ltr'><strong>grassantibus</strong></span> <span class='ocrx_word' id='word_1_215' title='bbox 1310 2265 1466 2357; x_wconf 82' lang='lat' dir='ltr'><strong>amplius</strong></span> <span class='ocrx_word' id='word_1_216' title='bbox 1487 2268 1646 2360; x_wconf 88' lang='lat' dir='ltr'><strong>quinque</strong></span> <span class='ocrx_word' id='word_1_217' title='bbox 1667 2266 1844 2346; x_wconf 83' lang='lat' dir='ltr'><strong>millibus,</strong></span> <span class='ocrx_word' id='word_1_218' title='bbox 1874 2289 1919 2333; x_wconf 88' lang='lat' dir='ltr'><strong>ne</strong></span> <span class='ocrx_word' id='word_1_219' title='bbox 1941 2289 1960 2332; x_wconf 90' lang='lat' dir='ltr'><strong>a</strong></span> <span class='ocrx_word' id='word_1_220' title='bbox 1984 2266 2215 2336; x_wconf 80' lang='lat' dir='ltr'><strong>multitudine</strong></span> <span class='ocrx_word' id='word_1_221' title='bbox 2234 2265 2304 2335; x_wconf 80' lang='lat' dir='ltr'><strong>cir·</strong></span> 
     </span>
     <span class='ocr_line' id='line_1_19' title="bbox 266 2340 2301 2462; baseline 0.002 -29"><span class='ocrx_word' id='word_1_222' title='bbox 266 2390 310 2434; x_wconf 89' lang='lat' dir='ltr'><strong>eo</strong></span> <span class='ocrx_word' id='word_1_223' title='bbox 331 2367 410 2459; x_wconf 80' lang='lat' dir='ltr'><strong>ipso</strong></span> <span class='ocrx_word' id='word_1_224' title='bbox 427 2381 590 2460; x_wconf 76' lang='lat' dir='ltr'><strong>tempore</strong></span> <span class='ocrx_word' id='word_1_225' title='bbox 606 2367 734 2439; x_wconf 82' lang='lat' dir='ltr'><strong>Turris</strong></span> <span class='ocrx_word' id='word_1_226' title='bbox 748 2370 786 2437; x_wconf 92' lang='lat' dir='ltr'><strong>in</strong></span> <span class='ocrx_word' id='word_1_227' title='bbox 805 2369 942 2462; x_wconf 90' lang='lat' dir='ltr'><strong>Mysia,</strong></span> <span class='ocrx_word' id='word_1_228' title='bbox 968 2372 1158 2460; x_wconf 82' lang='lat' dir='ltr'><strong>praeberet</strong></span> <span class='ocrx_word' id='word_1_229' title='bbox 1172 2395 1258 2439; x_wconf 90' lang='lat' dir='ltr'><strong>con·</strong></span> <span class='ocrx_word' id='word_1_230' title='bbox 1282 2340 1286 2417; x_wconf 74' lang='lat' dir='ltr'><strong>i</strong></span> <span class='ocrx_word' id='word_1_231' title='bbox 1310 2368 1510 2438; x_wconf 91' lang='lat' dir='ltr'><strong>cumveniri</strong></span> <span class='ocrx_word' id='word_1_232' title='bbox 1524 2382 1689 2461; x_wconf 85' lang='lat' dir='ltr'><strong>possent,</strong></span> <span class='ocrx_word' id='word_1_233' title='bbox 1715 2381 1925 2459; x_wconf 89' lang='lat' dir='ltr'><strong>properant,</strong></span> <span class='ocrx_word' id='word_1_234' title='bbox 1952 2380 1993 2437; x_wconf 93' lang='lat' dir='ltr'><strong>ut</strong></span> <span class='ocrx_word' id='word_1_235' title='bbox 2006 2368 2165 2437; x_wconf 89' lang='lat' dir='ltr'><strong>vicinum</strong></span> <span class='ocrx_word' id='word_1_236' title='bbox 2184 2380 2301 2437; x_wconf 89' lang='lat' dir='ltr'><strong>tumu-</strong></span> 
     </span>
     <span class='ocr_line' id='line_1_20' title="bbox 267 2466 2303 2565; baseline 0.003 -31"><span class='ocrx_word' id='word_1_237' title='bbox 267 2470 380 2538; x_wconf 92' lang='lat' dir='ltr'><strong>tentio</strong></span> <span class='ocrx_word' id='word_1_238' title='bbox 411 2472 456 2537; x_wconf 93' lang='lat' dir='ltr'><strong>de</strong></span> <span class='ocrx_word' id='word_1_239' title='bbox 479 2494 590 2561; x_wconf 90' lang='lat' dir='ltr'><strong>regno</strong></span> <span class='ocrx_word' id='word_1_240' title='bbox 614 2471 836 2540; x_wconf 86' lang='lat' dir='ltr'><strong>occasionem</strong></span> <span class='ocrx_word' id='word_1_241' title='bbox 863 2472 1089 2542; x_wconf 90' lang='lat' dir='ltr'><strong>invadendae</strong></span> <span class='ocrx_word' id='word_1_242' title='bbox 1111 2473 1257 2564; x_wconf 88' lang='lat' dir='ltr'><strong>Hunga-</strong></span> <span class='ocrx_word' id='word_1_243' title='bbox 1310 2472 1384 2540; x_wconf 91' lang='lat' dir='ltr'><strong>lum</strong></span> <span class='ocrx_word' id='word_1_244' title='bbox 1417 2485 1611 2562; x_wconf 86' lang='lat' dir='ltr'><strong>occupent,</strong></span> <span class='ocrx_word' id='word_1_245' title='bbox 1644 2473 1706 2541; x_wconf 95' lang='lat' dir='ltr'><strong>ubi</strong></span> <span class='ocrx_word' id='word_1_246' title='bbox 1736 2471 1863 2565; x_wconf 85' lang='lat' dir='ltr'><strong>iniquo</strong></span> <span class='ocrx_word' id='word_1_247' title='bbox 1893 2471 1973 2538; x_wconf 88' lang='lat' dir='ltr'><strong>loeo</strong></span> <span class='ocrx_word' id='word_1_248' title='bbox 1999 2466 2303 2562; x_wconf 73' lang='lat' dir='ltr'><strong>hoaupngnare</strong></span> 
     </span>
     <span class='ocr_line' id='line_1_21' title="bbox 265 2572 2301 2664; baseline 0 -26"><span class='ocrx_word' id='word_1_249' title='bbox 265 2572 357 2639; x_wconf 91' lang='lat' dir='ltr'><strong>riae:</strong></span> <span class='ocrx_word' id='word_1_250' title='bbox 391 2573 493 2641; x_wconf 91' lang='lat' dir='ltr'><strong>duxit</strong></span> <span class='ocrx_word' id='word_1_251' title='bbox 515 2572 582 2642; x_wconf 92' lang='lat' dir='ltr'><strong>sibi</strong></span> <span class='ocrx_word' id='word_1_252' title='bbox 602 2572 737 2663; x_wconf 87' lang='lat' dir='ltr'><strong>Regem</strong></span> <span class='ocrx_word' id='word_1_253' title='bbox 762 2597 885 2642; x_wconf 89' lang='lat' dir='ltr'><strong>recens</strong></span> <span class='ocrx_word' id='word_1_254' title='bbox 911 2576 1142 2659; x_wconf 90' lang='lat' dir='ltr'><strong>accersitum,</strong></span> <span class='ocrx_word' id='word_1_255' title='bbox 1175 2601 1256 2644; x_wconf 93' lang='lat' dir='ltr'><strong>cum</strong></span> <span class='ocrx_word' id='word_1_256' title='bbox 1310 2576 1503 2663; x_wconf 89' lang='lat' dir='ltr'><strong>cogebant,</strong></span> <span class='ocrx_word' id='word_1_257' title='bbox 1541 2588 1576 2644; x_wconf 92' lang='lat' dir='ltr'><strong>et</strong></span> <span class='ocrx_word' id='word_1_258' title='bbox 1600 2575 1683 2643; x_wconf 89' lang='lat' dir='ltr'><strong>inde</strong></span> <span class='ocrx_word' id='word_1_259' title='bbox 1711 2586 1812 2642; x_wconf 92' lang='lat' dir='ltr'><strong>tanto</strong></span> <span class='ocrx_word' id='word_1_260' title='bbox 1840 2574 1977 2664; x_wconf 89' lang='lat' dir='ltr'><strong>impetu</strong></span> <span class='ocrx_word' id='word_1_261' title='bbox 2004 2575 2237 2643; x_wconf 89' lang='lat' dir='ltr'><strong>decurrerunt</strong></span> <span class='ocrx_word' id='word_1_262' title='bbox 2262 2572 2301 2640; x_wconf 91' lang='lat' dir='ltr'><strong>in</strong></span> 
     </span>
     <span class='ocr_line' id='line_1_22' title="bbox 264 2673 2302 2768; baseline 0.001 -28"><span class='ocrx_word' id='word_1_263' title='bbox 264 2673 409 2766; x_wconf 91' lang='lat' dir='ltr'><strong>quidem</strong></span> <span class='ocrx_word' id='word_1_264' title='bbox 437 2688 609 2765; x_wconf 90' lang='lat' dir='ltr'><strong>cognatus</strong></span> <span class='ocrx_word' id='word_1_265' title='bbox 639 2687 747 2759; x_wconf 90' lang='lat' dir='ltr'><strong>esset,</strong></span> <span class='ocrx_word' id='word_1_266' title='bbox 782 2689 897 2745; x_wconf 92' lang='lat' dir='ltr'><strong>matre</strong></span> <span class='ocrx_word' id='word_1_267' title='bbox 927 2691 1033 2748; x_wconf 88' lang='lat' dir='ltr'><strong>natus</strong></span> <span class='ocrx_word' id='word_1_268' title='bbox 1055 2676 1257 2761; x_wconf 78' lang='lat' dir='ltr'><strong>Austriaca,</strong></span> <span class='ocrx_word' id='word_1_269' title='bbox 1309 2675 1485 2759; x_wconf 89' lang='lat' dir='ltr'><strong>Venetos,</strong></span> <span class='ocrx_word' id='word_1_270' title='bbox 1522 2691 1562 2746; x_wconf 93' lang='lat' dir='ltr'><strong>ut</strong></span> <span class='ocrx_word' id='word_1_271' title='bbox 1582 2678 1735 2768; x_wconf 88' lang='lat' dir='ltr'><strong>amplius</strong></span> <span class='ocrx_word' id='word_1_272' title='bbox 1758 2702 1819 2747; x_wconf 88' lang='lat' dir='ltr'><strong>sex</strong></span> <span class='ocrx_word' id='word_1_273' title='bbox 1841 2675 1997 2745; x_wconf 88' lang='lat' dir='ltr'><strong>millibus</strong></span> <span class='ocrx_word' id='word_1_274' title='bbox 2019 2675 2205 2746; x_wconf 89' lang='lat' dir='ltr'><strong>trucidatis</strong></span> <span class='ocrx_word' id='word_1_275' title='bbox 2227 2698 2302 2743; x_wconf 85' lang='lat' dir='ltr'><strong>ma-</strong></span> 
     </span>
     <span class='ocr_line' id='line_1_23' title="bbox 264 2776 2302 2873; baseline 0.001 -30"><span class='ocrx_word' id='word_1_276' title='bbox 264 2776 368 2846; x_wconf 90' lang='lat' dir='ltr'><strong>certis</strong></span> <span class='ocrx_word' id='word_1_277' title='bbox 402 2777 669 2848; x_wconf 90' lang='lat' dir='ltr'><strong>conditionibus</strong></span> <span class='ocrx_word' id='word_1_278' title='bbox 701 2778 969 2869; x_wconf 90' lang='lat' dir='ltr'><strong>adiungendum</strong></span> <span class='ocrx_word' id='word_1_279' title='bbox 1004 2803 1101 2863; x_wconf 86' lang='lat' dir='ltr'><strong>esse,</strong></span> <span class='ocrx_word' id='word_1_280' title='bbox 1152 2779 1256 2873; x_wconf 91' lang='lat' dir='ltr'><strong>eique</strong></span> <span class='ocrx_word' id='word_1_281' title='bbox 1310 2804 1416 2871; x_wconf 89' lang='lat' dir='ltr'><strong>gnam</strong></span> <span class='ocrx_word' id='word_1_282' title='bbox 1441 2780 1708 2848; x_wconf 89' lang='lat' dir='ltr'><strong>multitudinem</strong></span> <span class='ocrx_word' id='word_1_283' title='bbox 1723 2780 1831 2848; x_wconf 90' lang='lat' dir='ltr'><strong>etiam</strong></span> <span class='ocrx_word' id='word_1_284' title='bbox 1849 2778 2062 2861; x_wconf 89' lang='lat' dir='ltr'><strong>inermium,</strong></span> <span class='ocrx_word' id='word_1_285' title='bbox 2089 2778 2151 2871; x_wconf 92' lang='lat' dir='ltr'><strong>qui</strong></span> <span class='ocrx_word' id='word_1_286' title='bbox 2166 2789 2302 2869; x_wconf 88' lang='lat' dir='ltr'><strong>specta·</strong></span> 
     </span>
     <span class='ocr_line' id='line_1_24' title="bbox 266 2824 1994 2973; baseline 0.002 -29"><span class='ocrx_word' id='word_1_287' title='bbox 266 2875 489 2970; x_wconf 87' lang='lat' dir='ltr'><strong>llungariam</strong></span> <span class='ocrx_word' id='word_1_288' title='bbox 513 2879 670 2973; x_wconf 90' lang='lat' dir='ltr'><strong>reliquit.</strong></span> <span class='ocrx_word' id='word_1_289' title='bbox 1282 2824 1287 2963; x_wconf 78' lang='lat' dir='ltr'><strong>l</strong></span> <span class='ocrx_word' id='word_1_290' title='bbox 1310 2894 1387 2953; x_wconf 91' lang='lat' dir='ltr'><strong>tum</strong></span> <span class='ocrx_word' id='word_1_291' title='bbox 1405 2895 1597 2965; x_wconf 88' lang='lat' dir='ltr'><strong>venerant,</strong></span> <span class='ocrx_word' id='word_1_292' title='bbox 1624 2883 1663 2950; x_wconf 91' lang='lat' dir='ltr'><strong>in</strong></span> <span class='ocrx_word' id='word_1_293' title='bbox 1682 2883 1806 2952; x_wconf 87' lang='lat' dir='ltr'><strong>castris</strong></span> <span class='ocrx_word' id='word_1_294' title='bbox 1824 2880 1994 2972; x_wconf 88' lang='lat' dir='ltr'><strong>ceperint.</strong></span> 
     </span>
    </p>

    <p class='ocr_par' dir='ltr' id='par_1_5' title="bbox 223 2973 2301 3912">
     <span class='ocr_line' id='line_1_25' title="bbox 369 2973 2301 3076; baseline 0.002 -27"><span class='ocrx_word' id='word_1_295' title='bbox 369 2973 527 3074; x_wconf 70' lang='lat' dir='ltr'><strong>Sequuta</strong></span> <span class='ocrx_word' id='word_1_296' title='bbox 547 2993 631 3052; x_wconf 87' lang='lat' dir='ltr'><strong>sunt</strong></span> <span class='ocrx_word' id='word_1_297' title='bbox 649 2981 778 3052; x_wconf 86' lang='lat' dir='ltr'><strong>deinde</strong></span> <span class='ocrx_word' id='word_1_298' title='bbox 799 2978 867 3051; x_wconf 79' lang='lat' dir='ltr'><strong>aha</strong></span> <span class='ocrx_word' id='word_1_299' title='bbox 884 2981 998 3066; x_wconf 84' lang='lat' dir='ltr'><strong>bella,</strong></span> <span class='ocrx_word' id='word_1_300' title='bbox 1024 2977 1258 3066; x_wconf 66' lang='lat' dir='ltr'><strong>flandrense,</strong></span> <span class='ocrx_word' id='word_1_301' title='bbox 1282 2973 1287 3076; x_wconf 67' lang='grc' dir='ltr'>ξ</span> <span class='ocrx_word' id='word_1_302' title='bbox 1412 2982 1503 3053; x_wconf 88' lang='lat' dir='ltr'><strong>Cum</strong></span> <span class='ocrx_word' id='word_1_303' title='bbox 1520 2983 1652 3055; x_wconf 83' lang='lat' dir='ltr'><strong>Caesar</strong></span> <span class='ocrx_word' id='word_1_304' title='bbox 1675 3008 1731 3054; x_wconf 92' lang='lat' dir='ltr'><strong>res</strong></span> <span class='ocrx_word' id='word_1_305' title='bbox 1744 2981 1967 3069; x_wconf 82' lang='lat' dir='ltr'><strong>Venetorum</strong></span> <span class='ocrx_word' id='word_1_306' title='bbox 1986 2978 2143 3073; x_wconf 73' lang='lat' dir='ltr'><strong>graviter</strong></span> <span class='ocrx_word' id='word_1_307' title='bbox 2159 2979 2301 3053; x_wconf 78' lang='lat' dir='ltr'><strong>afflixis-</strong></span> 
     </span>
     <span class='ocr_line' id='line_1_26' title="bbox 264 3081 2301 3180; baseline -0 -27"><span class='ocrx_word' id='word_1_308' title='bbox 264 3081 480 3167; x_wconf 88' lang='lat' dir='ltr'><strong>Geldrense,</strong></span> <span class='ocrx_word' id='word_1_309' title='bbox 505 3097 540 3154; x_wconf 90' lang='lat' dir='ltr'><strong>et</strong></span> <span class='ocrx_word' id='word_1_310' title='bbox 556 3084 801 3166; x_wconf 89' lang='lat' dir='ltr'><strong>Helveticum,</strong></span> <span class='ocrx_word' id='word_1_311' title='bbox 827 3086 870 3154; x_wconf 87' lang='lat' dir='ltr'><strong>in</strong></span> <span class='ocrx_word' id='word_1_312' title='bbox 886 3085 1016 3179; x_wconf 86' lang='lat' dir='ltr'><strong>quibus</strong></span> <span class='ocrx_word' id='word_1_313' title='bbox 1039 3107 1115 3156; x_wconf 90' lang='lat' dir='ltr'><strong>non</strong></span> <span class='ocrx_word' id='word_1_314' title='bbox 1138 3087 1257 3157; x_wconf 84' lang='lat' dir='ltr'><strong>solum</strong></span> <span class='ocrx_word' id='word_1_315' title='bbox 1282 3098 1287 3157; x_wconf 79' lang='lat' dir='ltr'><strong>t</strong></span> <span class='ocrx_word' id='word_1_316' title='bbox 1309 3098 1384 3168; x_wconf 74' lang='lat' dir='ltr'><strong>tet,</strong></span> <span class='ocrx_word' id='word_1_317' title='bbox 1409 3098 1445 3155; x_wconf 90' lang='lat' dir='ltr'><strong>et</strong></span> <span class='ocrx_word' id='word_1_318' title='bbox 1468 3088 1658 3180; x_wconf 81' lang='lat' dir='ltr'><strong>plerasque</strong></span> <span class='ocrx_word' id='word_1_319' title='bbox 1679 3110 1803 3157; x_wconf 89' lang='lat' dir='ltr'><strong>eorum</strong></span> <span class='ocrx_word' id='word_1_320' title='bbox 1823 3087 1929 3156; x_wconf 88' lang='lat' dir='ltr'><strong>urbes</strong></span> <span class='ocrx_word' id='word_1_321' title='bbox 1948 3096 2101 3154; x_wconf 88' lang='lat' dir='ltr'><strong>teneret:</strong></span> <span class='ocrx_word' id='word_1_322' title='bbox 2128 3085 2230 3176; x_wconf 85' lang='lat' dir='ltr'><strong>Papa</strong></span> <span class='ocrx_word' id='word_1_323' title='bbox 2247 3081 2301 3154; x_wconf 94' lang='lat' dir='ltr'><strong>lu-</strong></span> 
     </span>
     <span class='ocr_line' id='line_1_27' title="bbox 263 3183 2301 3308; baseline 0.002 -57"><span class='ocrx_word' id='word_1_324' title='bbox 263 3183 374 3278; x_wconf 87' lang='lat' dir='ltr'><strong>ipsius</strong></span> <span class='ocrx_word' id='word_1_325' title='bbox 393 3187 507 3257; x_wconf 86' lang='lat' dir='ltr'><strong>virtus</strong></span> <span class='ocrx_word' id='word_1_326' title='bbox 522 3187 561 3256; x_wconf 93' lang='lat' dir='ltr'><strong>in</strong></span> <span class='ocrx_word' id='word_1_327' title='bbox 576 3189 810 3286; x_wconf 89' lang='lat' dir='ltr'><strong>subiugandis</strong></span> <span class='ocrx_word' id='word_1_328' title='bbox 835 3185 996 3258; x_wconf 86' lang='lat' dir='ltr'><strong>hostibus</strong></span> <span class='ocrx_word' id='word_1_329' title='bbox 1021 3189 1169 3272; x_wconf 85' lang='lat' dir='ltr'><strong>enituit,</strong></span> <span class='ocrx_word' id='word_1_330' title='bbox 1195 3192 1258 3260; x_wconf 92' lang='lat' dir='ltr'><strong>sed</strong></span> <span class='ocrx_word' id='word_1_331' title='bbox 1282 3194 1286 3308; x_wconf 64' lang='grc' dir='ltr'><strong>ΙΙ</strong></span> <span class='ocrx_word' id='word_1_332' title='bbox 1308 3190 1378 3259; x_wconf 89' lang='lat' dir='ltr'><strong>lius</strong></span> <span class='ocrx_word' id='word_1_333' title='bbox 1401 3189 1563 3258; x_wconf 89' lang='lat' dir='ltr'><strong>desciscit</strong></span> <span class='ocrx_word' id='word_1_334' title='bbox 1585 3191 1630 3258; x_wconf 93' lang='lat' dir='ltr'><strong>ad</strong></span> <span class='ocrx_word' id='word_1_335' title='bbox 1645 3188 1812 3260; x_wconf 89' lang='lat' dir='ltr'><strong>Venetos.</strong></span> <span class='ocrx_word' id='word_1_336' title='bbox 1864 3188 2029 3257; x_wconf 90' lang='lat' dir='ltr'><strong>Habebat</strong></span> <span class='ocrx_word' id='word_1_337' title='bbox 2049 3200 2168 3256; x_wconf 89' lang='lat' dir='ltr'><strong>autem</strong></span> <span class='ocrx_word' id='word_1_338' title='bbox 2193 3185 2301 3257; x_wconf 87' lang='lat' dir='ltr'><strong>lulius</strong></span> 
     </span>
     <span class='ocr_line' id='line_1_28' title="bbox 263 3288 2300 3401; baseline 0.001 -44"><span class='ocrx_word' id='word_1_339' title='bbox 263 3288 372 3358; x_wconf 80' lang='lat' dir='ltr'><strong>etiam</strong></span> <span class='ocrx_word' id='word_1_340' title='bbox 393 3288 433 3360; x_wconf 90' lang='lat' dir='ltr'><strong>in</strong></span> <span class='ocrx_word' id='word_1_341' title='bbox 456 3289 606 3360; x_wconf 87' lang='lat' dir='ltr'><strong>victoria</strong></span> <span class='ocrx_word' id='word_1_342' title='bbox 633 3291 823 3383; x_wconf 89' lang='lat' dir='ltr'><strong>singularis</strong></span> <span class='ocrx_word' id='word_1_343' title='bbox 848 3292 1050 3360; x_wconf 90' lang='lat' dir='ltr'><strong>moderatio</strong></span> <span class='ocrx_word' id='word_1_344' title='bbox 1074 3293 1180 3363; x_wconf 92' lang='lat' dir='ltr'><strong>laude</strong></span> <span class='ocrx_word' id='word_1_345' title='bbox 1204 3292 1257 3360; x_wconf 92' lang='lat' dir='ltr'><strong>di·</strong></span> <span class='ocrx_word' id='word_1_346' title='bbox 1282 3329 1286 3401; x_wconf 63' lang='grc' dir='ltr'>Ι</span> <span class='ocrx_word' id='word_1_347' title='bbox 1308 3292 1531 3363; x_wconf 85' lang='lat' dir='ltr'><strong>firmissimas</strong></span> <span class='ocrx_word' id='word_1_348' title='bbox 1554 3292 1698 3384; x_wconf 90' lang='lat' dir='ltr'><strong>copias,</strong></span> <span class='ocrx_word' id='word_1_349' title='bbox 1732 3307 1765 3362; x_wconf 90' lang='lat' dir='ltr'><strong>et</strong></span> <span class='ocrx_word' id='word_1_350' title='bbox 1791 3291 1875 3387; x_wconf 91' lang='lat' dir='ltr'><strong>quia</strong></span> <span class='ocrx_word' id='word_1_351' title='bbox 1900 3291 2015 3360; x_wconf 87' lang='lat' dir='ltr'><strong>videri</strong></span> <span class='ocrx_word' id='word_1_352' title='bbox 2034 3292 2179 3360; x_wconf 87' lang='lat' dir='ltr'><strong>volebat</strong></span> <span class='ocrx_word' id='word_1_353' title='bbox 2201 3315 2244 3360; x_wconf 90' lang='lat' dir='ltr'><strong>eo</strong></span> <span class='ocrx_word' id='word_1_354' title='bbox 2265 3314 2300 3360; x_wconf 84' lang='lat' dir='ltr'><strong>se</strong></span> 
     </span>
     <span class='ocr_line' id='line_1_29' title="bbox 263 3392 2300 3487; baseline 0 -27"><span class='ocrx_word' id='word_1_355' title='bbox 263 3414 332 3482; x_wconf 90' lang='lat' dir='ltr'><strong>gna</strong></span> <span class='ocrx_word' id='word_1_356' title='bbox 355 3394 433 3464; x_wconf 85' lang='lat' dir='ltr'><strong>fuir.</strong></span> <span class='ocrx_word' id='word_1_357' title='bbox 485 3392 615 3465; x_wconf 89' lang='lat' dir='ltr'><strong>Postea</strong></span> <span class='ocrx_word' id='word_1_358' title='bbox 639 3395 770 3466; x_wconf 84' lang='lat' dir='ltr'><strong>exarsit</strong></span> <span class='ocrx_word' id='word_1_359' title='bbox 793 3396 919 3486; x_wconf 89' lang='lat' dir='ltr'><strong>ingens</strong></span> <span class='ocrx_word' id='word_1_360' title='bbox 940 3395 1073 3464; x_wconf 90' lang='lat' dir='ltr'><strong>bellum</strong></span> <span class='ocrx_word' id='word_1_361' title='bbox 1089 3395 1129 3464; x_wconf 91' lang='lat' dir='ltr'><strong>in</strong></span> <span class='ocrx_word' id='word_1_362' title='bbox 1141 3395 1257 3464; x_wconf 90' lang='lat' dir='ltr'><strong>Bava·</strong></span> <span class='ocrx_word' id='word_1_363' title='bbox 1282 3404 1286 3447; x_wconf 79' lang='lat'><strong>¹</strong></span> <span class='ocrx_word' id='word_1_364' title='bbox 1311 3397 1356 3464; x_wconf 94' lang='lat' dir='ltr'><strong>ad</strong></span> <span class='ocrx_word' id='word_1_365' title='bbox 1372 3393 1530 3466; x_wconf 89' lang='lat' dir='ltr'><strong>Venetos</strong></span> <span class='ocrx_word' id='word_1_366' title='bbox 1554 3397 1737 3479; x_wconf 81' lang='lat' dir='ltr'><strong>conferre,</strong></span> <span class='ocrx_word' id='word_1_367' title='bbox 1764 3409 1804 3466; x_wconf 91' lang='lat' dir='ltr'><strong>ut</strong></span> <span class='ocrx_word' id='word_1_368' title='bbox 1817 3393 1978 3479; x_wconf 91' lang='lat' dir='ltr'><strong>ltaliam,</strong></span> <span class='ocrx_word' id='word_1_369' title='bbox 2006 3418 2098 3487; x_wconf 88' lang='lat' dir='ltr'><strong>quae</strong></span> <span class='ocrx_word' id='word_1_370' title='bbox 2114 3419 2134 3463; x_wconf 90' lang='lat' dir='ltr'><strong>a</strong></span> <span class='ocrx_word' id='word_1_371' title='bbox 2151 3395 2300 3465; x_wconf 80' lang='lat' dir='ltr'><strong>Gema·</strong></span> 
     </span>
     <span class='ocr_line' id='line_1_30' title="bbox 223 3486 2300 3602; baseline 0.001 -40"><span class='ocrx_word' id='word_1_372' title='bbox 223 3486 228 3499; x_wconf 72' lang='grc'><em>’</em></span> <span class='ocrx_word' id='word_1_373' title='bbox 263 3494 338 3578; x_wconf 90' lang='lat' dir='ltr'><strong>ria,</strong></span> <span class='ocrx_word' id='word_1_374' title='bbox 365 3520 445 3566; x_wconf 92' lang='lat' dir='ltr'><strong>cum</strong></span> <span class='ocrx_word' id='word_1_375' title='bbox 466 3496 652 3568; x_wconf 88' lang='lat' dir='ltr'><strong>Palatinus</strong></span> <span class='ocrx_word' id='word_1_376' title='bbox 667 3495 806 3582; x_wconf 81' lang='lat' dir='ltr'><strong>Rheni,</strong></span> <span class='ocrx_word' id='word_1_377' title='bbox 833 3509 973 3588; x_wconf 92' lang='lat' dir='ltr'><strong>partem</strong></span> <span class='ocrx_word' id='word_1_378' title='bbox 991 3497 1169 3567; x_wconf 89' lang='lat' dir='ltr'><strong>Bavariae</strong></span> <span class='ocrx_word' id='word_1_379' title='bbox 1189 3497 1255 3568; x_wconf 86' lang='lat' dir='ltr'><strong>sibi</strong></span> <span class='ocrx_word' id='word_1_380' title='bbox 1282 3539 1286 3602; x_wconf 45' lang='grc' dir='ltr'><strong>ι</strong></span> <span class='ocrx_word' id='word_1_381' title='bbox 1308 3498 1365 3568; x_wconf 87' lang='lat' dir='ltr'><strong>nis</strong></span> <span class='ocrx_word' id='word_1_382' title='bbox 1388 3511 1423 3566; x_wconf 90' lang='lat' dir='ltr'><strong>et</strong></span> <span class='ocrx_word' id='word_1_383' title='bbox 1441 3497 1554 3569; x_wconf 88' lang='lat' dir='ltr'><strong>Gallis</strong></span> <span class='ocrx_word' id='word_1_384' title='bbox 1576 3499 1853 3580; x_wconf 85' lang='lat' dir='ltr'><strong>dilaceraretur,</strong></span> <span class='ocrx_word' id='word_1_385' title='bbox 1878 3493 1934 3569; x_wconf 85' lang='lat' dir='ltr'><strong>his</strong></span> <span class='ocrx_word' id='word_1_386' title='bbox 1953 3497 2104 3568; x_wconf 90' lang='lat' dir='ltr'><strong>miseriis</strong></span> <span class='ocrx_word' id='word_1_387' title='bbox 2121 3499 2300 3579; x_wconf 82' lang='lat' dir='ltr'><strong>liberaret,</strong></span> 
     </span>
     <span class='ocr_line' id='line_1_31' title="bbox 264 3594 2300 3694; baseline 0.001 -29"><span class='ocrx_word' id='word_1_388' title='bbox 264 3594 446 3668; x_wconf 83' lang='lat' dir='ltr'><strong>vindicare</strong></span> <span class='ocrx_word' id='word_1_389' title='bbox 471 3612 680 3683; x_wconf 89' lang='lat' dir='ltr'><strong>conaretur,</strong></span> <span class='ocrx_word' id='word_1_390' title='bbox 704 3624 770 3668; x_wconf 88' lang='lat' dir='ltr'><strong>nec</strong></span> <span class='ocrx_word' id='word_1_391' title='bbox 792 3600 837 3669; x_wconf 90' lang='lat' dir='ltr'><strong>ab</strong></span> <span class='ocrx_word' id='word_1_392' title='bbox 858 3624 901 3670; x_wconf 93' lang='lat' dir='ltr'><strong>eo</strong></span> <span class='ocrx_word' id='word_1_393' title='bbox 919 3600 1069 3670; x_wconf 86' lang='lat' dir='ltr'><strong>consilio</strong></span> <span class='ocrx_word' id='word_1_394' title='bbox 1087 3600 1257 3694; x_wconf 89' lang='lat' dir='ltr'><strong>aequissi-</strong></span> <span class='ocrx_word' id='word_1_395' title='bbox 1282 3612 1286 3694; x_wconf 58' lang='lat' dir='ltr'>g</span> <span class='ocrx_word' id='word_1_396' title='bbox 1308 3601 1411 3670; x_wconf 84' lang='lat' dir='ltr'><strong>facile</strong></span> <span class='ocrx_word' id='word_1_397' title='bbox 1437 3600 1504 3671; x_wconf 86' lang='lat' dir='ltr'><strong>sihi</strong></span> <span class='ocrx_word' id='word_1_398' title='bbox 1532 3602 1708 3694; x_wconf 88' lang='lat' dir='ltr'><strong>reliquam</strong></span> <span class='ocrx_word' id='word_1_399' title='bbox 1734 3599 1873 3671; x_wconf 87' lang='lat' dir='ltr'><strong>ltaliam</strong></span> <span class='ocrx_word' id='word_1_400' title='bbox 1898 3600 2079 3670; x_wconf 85' lang='lat' dir='ltr'><strong>adiunxit.</strong></span> <span class='ocrx_word' id='word_1_401' title='bbox 2124 3599 2215 3669; x_wconf 90' lang='lat' dir='ltr'><strong>Erat</strong></span> <span class='ocrx_word' id='word_1_402' title='bbox 2236 3600 2300 3667; x_wconf 84' lang='lat' dir='ltr'><strong>ita·</strong></span> 
     </span>
     <span class='ocr_line' id='line_1_32' title="bbox 265 3700 2300 3799; baseline 0.003 -32"><span class='ocrx_word' id='word_1_403' title='bbox 265 3700 333 3769; x_wconf 84' lang='lat' dir='ltr'><strong>mis</strong></span> <span class='ocrx_word' id='word_1_404' title='bbox 348 3700 631 3783; x_wconf 91' lang='lat' dir='ltr'><strong>conditionibus,</strong></span> <span class='ocrx_word' id='word_1_405' title='bbox 659 3727 679 3770; x_wconf 87' lang='lat' dir='ltr'><strong>a</strong></span> <span class='ocrx_word' id='word_1_406' title='bbox 694 3701 944 3772; x_wconf 87' lang='lat' dir='ltr'><strong>Maximiliano</strong></span> <span class='ocrx_word' id='word_1_407' title='bbox 960 3704 1169 3795; x_wconf 88' lang='lat' dir='ltr'><strong>propositis,</strong></span> <span class='ocrx_word' id='word_1_408' title='bbox 1196 3705 1257 3771; x_wconf 91' lang='lat' dir='ltr'><strong>ab·</strong></span> <span class='ocrx_word' id='word_1_409' title='bbox 1282 3701 1287 3784; x_wconf 78' lang='grc' dir='ltr'><em>ἱ</em></span> <span class='ocrx_word' id='word_1_410' title='bbox 1310 3728 1380 3799; x_wconf 91' lang='lat' dir='ltr'><strong>que</strong></span> <span class='ocrx_word' id='word_1_411' title='bbox 1396 3705 1486 3773; x_wconf 93' lang='lat' dir='ltr'><strong>bene</strong></span> <span class='ocrx_word' id='word_1_412' title='bbox 1503 3717 1669 3797; x_wconf 87' lang='lat' dir='ltr'><strong>paratus,</strong></span> <span class='ocrx_word' id='word_1_413' title='bbox 1697 3716 1731 3773; x_wconf 90' lang='lat' dir='ltr'><strong>et</strong></span> <span class='ocrx_word' id='word_1_414' title='bbox 1745 3708 1882 3786; x_wconf 91' lang='lat' dir='ltr'><strong>animo,</strong></span> <span class='ocrx_word' id='word_1_415' title='bbox 1906 3716 1947 3773; x_wconf 92' lang='lat' dir='ltr'><strong>ut</strong></span> <span class='ocrx_word' id='word_1_416' title='bbox 1962 3704 2112 3785; x_wconf 86' lang='lat' dir='ltr'><strong>solebat,</strong></span> <span class='ocrx_word' id='word_1_417' title='bbox 2139 3704 2211 3772; x_wconf 87' lang='lat' dir='ltr'><strong>acri</strong></span> <span class='ocrx_word' id='word_1_418' title='bbox 2228 3702 2300 3772; x_wconf 83' lang='lat' dir='ltr'><strong>bet-</strong></span> 
     </span>
     <span class='ocr_line' id='line_1_33' title="bbox 265 3792 1673 3912; baseline 0.004 -43"><span class='ocrx_word' id='word_1_419' title='bbox 265 3801 347 3871; x_wconf 90' lang='lat' dir='ltr'><strong>duci</strong></span> <span class='ocrx_word' id='word_1_420' title='bbox 363 3814 493 3892; x_wconf 88' lang='lat' dir='ltr'><strong>posset.</strong></span> <span class='ocrx_word' id='word_1_421' title='bbox 1282 3792 1286 3912; x_wconf 65' lang='lat' dir='ltr'><strong>l</strong></span> <span class='ocrx_word' id='word_1_422' title='bbox 1309 3808 1383 3877; x_wconf 92' lang='lat' dir='ltr'><strong>lum</strong></span> <span class='ocrx_word' id='word_1_423' title='bbox 1400 3830 1523 3897; x_wconf 88' lang='lat' dir='ltr'><strong>gerere</strong></span> <span class='ocrx_word' id='word_1_424' title='bbox 1544 3807 1673 3899; x_wconf 90' lang='lat' dir='ltr'><strong>coepit.</strong></span> 
     </span>
    </p>

    <p class='ocr_par' dir='ltr' id='par_1_6' title="bbox 261 3901 2325 5032">
     <span class='ocr_line' id='line_1_34' title="bbox 366 3901 2298 4039; baseline 0.002 -68"><span class='ocrx_word' id='word_1_425' title='bbox 366 3901 407 3971; x_wconf 91' lang='lat' dir='ltr'><strong>ln</strong></span> <span class='ocrx_word' id='word_1_426' title='bbox 432 3926 475 3973; x_wconf 92' lang='lat' dir='ltr'><strong>eo</strong></span> <span class='ocrx_word' id='word_1_427' title='bbox 495 3903 589 3973; x_wconf 90' lang='lat' dir='ltr'><strong>bello</strong></span> <span class='ocrx_word' id='word_1_428' title='bbox 606 3904 875 3977; x_wconf 86' lang='lat' dir='ltr'><strong>Maximilianus</strong></span> <span class='ocrx_word' id='word_1_429' title='bbox 900 3905 1090 4001; x_wconf 86' lang='lat' dir='ltr'><strong>aliquoties</strong></span> <span class='ocrx_word' id='word_1_430' title='bbox 1113 3906 1187 3977; x_wconf 87' lang='lat' dir='ltr'><strong>acie</strong></span> <span class='ocrx_word' id='word_1_431' title='bbox 1203 3909 1257 3975; x_wconf 91' lang='lat' dir='ltr'><strong>di·</strong></span> <span class='ocrx_word' id='word_1_432' title='bbox 1282 3918 1286 4039; x_wconf 59' lang='lat' dir='ltr'><strong>j</strong></span> <span class='ocrx_word' id='word_1_433' title='bbox 1413 3908 1535 4001; x_wconf 86' lang='lat' dir='ltr'><strong>Quare</strong></span> <span class='ocrx_word' id='word_1_434' title='bbox 1565 3922 1600 3978; x_wconf 94' lang='lat' dir='ltr'><strong>et</strong></span> <span class='ocrx_word' id='word_1_435' title='bbox 1618 3907 1822 3978; x_wconf 84' lang='lat' dir='ltr'><strong>Ludovicus</strong></span> <span class='ocrx_word' id='word_1_436' title='bbox 1853 3908 1924 3976; x_wconf 91' lang='lat' dir='ltr'><strong>iam</strong></span> <span class='ocrx_word' id='word_1_437' title='bbox 1950 3908 2089 3976; x_wconf 91' lang='lat' dir='ltr'><strong>maiore</strong></span> <span class='ocrx_word' id='word_1_438' title='bbox 2115 3931 2199 3978; x_wconf 89' lang='lat' dir='ltr'><strong>cura</strong></span> <span class='ocrx_word' id='word_1_439' title='bbox 2224 3930 2298 3975; x_wconf 86' lang='lat' dir='ltr'><strong>rem</strong></span> 
     </span>
     <span class='ocr_line' id='line_1_35' title="bbox 263 4003 2299 4103; baseline 0.004 -31"><span class='ocrx_word' id='word_1_440' title='bbox 263 4003 410 4075; x_wconf 86' lang='lat' dir='ltr'><strong>micavit</strong></span> <span class='ocrx_word' id='word_1_441' title='bbox 431 4031 510 4076; x_wconf 95' lang='lat' dir='ltr'><strong>cum</strong></span> <span class='ocrx_word' id='word_1_442' title='bbox 527 4007 685 4078; x_wconf 87' lang='lat' dir='ltr'><strong>Palatini</strong></span> <span class='ocrx_word' id='word_1_443' title='bbox 709 4010 930 4080; x_wconf 83' lang='lat' dir='ltr'><strong>exercitibus.</strong></span> <span class='ocrx_word' id='word_1_444' title='bbox 982 4011 1040 4080; x_wconf 80' lang='lat' dir='ltr'><strong>Ad</strong></span> <span class='ocrx_word' id='word_1_445' title='bbox 1059 4023 1257 4080; x_wconf 88' lang='lat' dir='ltr'><strong>extremum</strong></span> <span class='ocrx_word' id='word_1_446' title='bbox 1282 4054 1285 4062; x_wconf 89' lang='lat'>·</span> <span class='ocrx_word' id='word_1_447' title='bbox 1310 4013 1500 4103; x_wconf 87' lang='lat' dir='ltr'><strong>gerendam</strong></span> <span class='ocrx_word' id='word_1_448' title='bbox 1533 4012 1757 4094; x_wconf 86' lang='lat' dir='ltr'><strong>existimans,</strong></span> <span class='ocrx_word' id='word_1_449' title='bbox 1790 4010 1922 4081; x_wconf 90' lang='lat' dir='ltr'><strong>bellum</strong></span> <span class='ocrx_word' id='word_1_450' title='bbox 1954 4023 2105 4102; x_wconf 88' lang='lat' dir='ltr'><strong>apparat</strong></span> <span class='ocrx_word' id='word_1_451' title='bbox 2133 4011 2299 4080; x_wconf 86' lang='lat' dir='ltr'><strong>omnibus</strong></span> 
     </span>
     <span class='ocr_line' id='line_1_36' title="bbox 264 4068 2300 4219; baseline 0.001 -42"><span class='ocrx_word' id='word_1_452' title='bbox 264 4108 372 4177; x_wconf 88' lang='lat' dir='ltr'><strong>etiam</strong></span> <span class='ocrx_word' id='word_1_453' title='bbox 394 4111 609 4182; x_wconf 89' lang='lat' dir='ltr'><strong>acerrimum</strong></span> <span class='ocrx_word' id='word_1_454' title='bbox 633 4112 810 4204; x_wconf 86' lang='lat' dir='ltr'><strong>praelium</strong></span> <span class='ocrx_word' id='word_1_455' title='bbox 835 4137 915 4182; x_wconf 93' lang='lat' dir='ltr'><strong>cum</strong></span> <span class='ocrx_word' id='word_1_456' title='bbox 934 4111 1074 4184; x_wconf 88' lang='lat' dir='ltr'><strong>auxiliis</strong></span> <span class='ocrx_word' id='word_1_457' title='bbox 1086 4108 1258 4182; x_wconf 91' lang='lat' dir='ltr'><strong>Bohemi-</strong></span> <span class='ocrx_word' id='word_1_458' title='bbox 1281 4068 1286 4219; x_wconf 70' lang='lat' dir='ltr'><strong>l</strong></span> <span class='ocrx_word' id='word_1_459' title='bbox 1309 4113 1456 4184; x_wconf 86' lang='lat' dir='ltr'><strong>viribus.</strong></span> <span class='ocrx_word' id='word_1_460' title='bbox 1492 4113 1585 4184; x_wconf 81' lang='lat' dir='ltr'><strong>Cum</strong></span> <span class='ocrx_word' id='word_1_461' title='bbox 1603 4113 1712 4203; x_wconf 91' lang='lat' dir='ltr'><strong>igitur</strong></span> <span class='ocrx_word' id='word_1_462' title='bbox 1729 4113 1867 4182; x_wconf 90' lang='lat' dir='ltr'><strong>videret</strong></span> <span class='ocrx_word' id='word_1_463' title='bbox 1884 4113 2161 4196; x_wconf 86' lang='lat' dir='ltr'><strong>Maximilianus,</strong></span> <span class='ocrx_word' id='word_1_464' title='bbox 2185 4134 2300 4204; x_wconf 82' lang='lat' dir='ltr'><strong>quan-</strong></span> 
     </span>
     <span class='ocr_line' id='line_1_37' title="bbox 263 4209 2298 4311; baseline 0.001 -32"><span class='ocrx_word' id='word_1_465' title='bbox 263 4209 312 4282; x_wconf 80' lang='lat' dir='ltr'><strong>tis</strong></span> <span class='ocrx_word' id='word_1_466' title='bbox 336 4213 535 4299; x_wconf 88' lang='lat' dir='ltr'><strong>commisit,</strong></span> <span class='ocrx_word' id='word_1_467' title='bbox 561 4215 600 4283; x_wconf 88' lang='lat' dir='ltr'><strong>in</strong></span> <span class='ocrx_word' id='word_1_468' title='bbox 618 4239 691 4310; x_wconf 91' lang='lat' dir='ltr'><strong>quo</strong></span> <span class='ocrx_word' id='word_1_469' title='bbox 708 4240 787 4285; x_wconf 92' lang='lat' dir='ltr'><strong>cum</strong></span> <span class='ocrx_word' id='word_1_470' title='bbox 801 4210 955 4293; x_wconf 85' lang='lat' dir='ltr'><strong>Bohemi</strong></span> <span class='ocrx_word' id='word_1_471' title='bbox 970 4216 1083 4286; x_wconf 81' lang='lat' dir='ltr'><strong>veteri</strong></span> <span class='ocrx_word' id='word_1_472' title='bbox 1098 4218 1255 4311; x_wconf 87' lang='lat' dir='ltr'><strong>quadarn</strong></span> <span class='ocrx_word' id='word_1_473' title='bbox 1282 4228 1285 4311; x_wconf 77' lang='grc' dir='ltr'>ξ</span> <span class='ocrx_word' id='word_1_474' title='bbox 1309 4228 1344 4285; x_wconf 91' lang='lat' dir='ltr'><strong>ta</strong></span> <span class='ocrx_word' id='word_1_475' title='bbox 1362 4216 1447 4286; x_wconf 88' lang='lat' dir='ltr'><strong>belli</strong></span> <span class='ocrx_word' id='word_1_476' title='bbox 1462 4217 1574 4286; x_wconf 90' lang='lat' dir='ltr'><strong>moles</strong></span> <span class='ocrx_word' id='word_1_477' title='bbox 1592 4217 1837 4307; x_wconf 89' lang='lat' dir='ltr'><strong>impenderet,</strong></span> <span class='ocrx_word' id='word_1_478' title='bbox 1862 4228 1896 4285; x_wconf 91' lang='lat' dir='ltr'><strong>et</strong></span> <span class='ocrx_word' id='word_1_479' title='bbox 1913 4217 2127 4307; x_wconf 87' lang='lat' dir='ltr'><strong>intelligeret</strong></span> <span class='ocrx_word' id='word_1_480' title='bbox 2148 4215 2185 4281; x_wconf 89' lang='lat' dir='ltr'><strong>in</strong></span> <span class='ocrx_word' id='word_1_481' title='bbox 2200 4238 2298 4283; x_wconf 85' lang='lat' dir='ltr'><strong>sum·</strong></span> 
     </span>
     <span class='ocr_line' id='line_1_38' title="bbox 263 4314 2300 4416; baseline 0.002 -33"><span class='ocrx_word' id='word_1_482' title='bbox 263 4314 451 4408; x_wconf 83' lang='lat' dir='ltr'><strong>disciplina</strong></span> <span class='ocrx_word' id='word_1_483' title='bbox 468 4318 564 4387; x_wconf 89' lang='lat' dir='ltr'><strong>vallo</strong></span> <span class='ocrx_word' id='word_1_484' title='bbox 582 4319 713 4388; x_wconf 89' lang='lat' dir='ltr'><strong>muniti</strong></span> <span class='ocrx_word' id='word_1_485' title='bbox 727 4345 764 4389; x_wconf 91' lang='lat' dir='ltr'><strong>se</strong></span> <span class='ocrx_word' id='word_1_486' title='bbox 783 4320 1017 4390; x_wconf 87' lang='lat' dir='ltr'><strong>defenderent</strong></span> <span class='ocrx_word' id='word_1_487' title='bbox 1033 4319 1256 4403; x_wconf 91' lang='lat' dir='ltr'><strong>bombardis,</strong></span> <span class='ocrx_word' id='word_1_488' title='bbox 1281 4321 1285 4416; x_wconf 65' lang='lat' dir='ltr'><strong>l</strong></span> <span class='ocrx_word' id='word_1_489' title='bbox 1309 4342 1370 4388; x_wconf 91' lang='lat' dir='ltr'><strong>mo</strong></span> <span class='ocrx_word' id='word_1_490' title='bbox 1395 4317 1554 4411; x_wconf 90' lang='lat' dir='ltr'><strong>periculo</strong></span> <span class='ocrx_word' id='word_1_491' title='bbox 1577 4319 1735 4396; x_wconf 85' lang='lat' dir='ltr'><strong>futuram</strong></span> <span class='ocrx_word' id='word_1_492' title='bbox 1760 4317 1922 4402; x_wconf 91' lang='lat' dir='ltr'><strong>ltaliam,</strong></span> <span class='ocrx_word' id='word_1_493' title='bbox 1949 4319 1979 4389; x_wconf 91' lang='lat' dir='ltr'><strong>si</strong></span> <span class='ocrx_word' id='word_1_494' title='bbox 1994 4317 2090 4389; x_wconf 92' lang='lat' dir='ltr'><strong>Galli</strong></span> <span class='ocrx_word' id='word_1_495' title='bbox 2107 4329 2228 4387; x_wconf 85' lang='lat' dir='ltr'><strong>essent</strong></span> <span class='ocrx_word' id='word_1_496' title='bbox 2241 4339 2300 4388; x_wconf 90' lang='lat' dir='ltr'><strong>su·</strong></span> 
     </span>
     <span class='ocr_line' id='line_1_39' title="bbox 262 4415 2300 4516; baseline 0.001 -30"><span class='ocrx_word' id='word_1_497' title='bbox 262 4415 337 4512; x_wconf 86' lang='lat' dir='ltr'><strong>ipsc</strong></span> <span class='ocrx_word' id='word_1_498' title='bbox 364 4419 403 4490; x_wconf 87' lang='lat' dir='ltr'><strong>in</strong></span> <span class='ocrx_word' id='word_1_499' title='bbox 426 4421 543 4513; x_wconf 92' lang='lat' dir='ltr'><strong>prima</strong></span> <span class='ocrx_word' id='word_1_500' title='bbox 569 4422 645 4491; x_wconf 84' lang='lat' dir='ltr'><strong>atie</strong></span> <span class='ocrx_word' id='word_1_501' title='bbox 671 4446 795 4493; x_wconf 88' lang='lat' dir='ltr'><strong>everso</strong></span> <span class='ocrx_word' id='word_1_502' title='bbox 822 4422 919 4491; x_wconf 88' lang='lat' dir='ltr'><strong>vallo</strong></span> <span class='ocrx_word' id='word_1_503' title='bbox 944 4422 1116 4516; x_wconf 91' lang='lat' dir='ltr'><strong>impetum</strong></span> <span class='ocrx_word' id='word_1_504' title='bbox 1135 4423 1175 4490; x_wconf 91' lang='lat' dir='ltr'><strong>in</strong></span> <span class='ocrx_word' id='word_1_505' title='bbox 1190 4417 1256 4491; x_wconf 92' lang='lat' dir='ltr'><strong>ho·</strong></span> <span class='ocrx_word' id='word_1_506' title='bbox 1281 4426 1285 4470; x_wconf 80' lang='lat'><strong>¹</strong></span> <span class='ocrx_word' id='word_1_507' title='bbox 1309 4420 1486 4514; x_wconf 90' lang='lat' dir='ltr'><strong>periores:</strong></span> <span class='ocrx_word' id='word_1_508' title='bbox 1532 4418 1700 4492; x_wconf 88' lang='lat' dir='ltr'><strong>bortatur</strong></span> <span class='ocrx_word' id='word_1_509' title='bbox 1731 4422 1942 4492; x_wconf 85' lang='lat' dir='ltr'><strong>Pontificem</strong></span> <span class='ocrx_word' id='word_1_510' title='bbox 1974 4444 2039 4512; x_wconf 92' lang='lat' dir='ltr'><strong>per</strong></span> <span class='ocrx_word' id='word_1_511' title='bbox 2072 4422 2228 4511; x_wconf 87' lang='lat' dir='ltr'><strong>legatos,</strong></span> <span class='ocrx_word' id='word_1_512' title='bbox 2261 4432 2300 4490; x_wconf 91' lang='lat' dir='ltr'><strong>ut</strong></span> 
     </span>
     <span class='ocr_line' id='line_1_40' title="bbox 261 4484 2299 4632; baseline -0.001 -39"><span class='ocrx_word' id='word_1_513' title='bbox 261 4530 332 4593; x_wconf 79' lang='lat' dir='ltr'><strong>stes</strong></span> <span class='ocrx_word' id='word_1_514' title='bbox 352 4524 456 4607; x_wconf 86' lang='lat' dir='ltr'><strong>fecit,</strong></span> <span class='ocrx_word' id='word_1_515' title='bbox 491 4537 526 4593; x_wconf 90' lang='lat' dir='ltr'><strong>et</strong></span> <span class='ocrx_word' id='word_1_516' title='bbox 547 4549 631 4596; x_wconf 88' lang='lat' dir='ltr'><strong>suos</strong></span> <span class='ocrx_word' id='word_1_517' title='bbox 653 4525 835 4617; x_wconf 91' lang='lat' dir='ltr'><strong>perculsos</strong></span> <span class='ocrx_word' id='word_1_518' title='bbox 859 4550 900 4595; x_wconf 90' lang='lat' dir='ltr'><strong>ac</strong></span> <span class='ocrx_word' id='word_1_519' title='bbox 927 4526 1131 4596; x_wconf 87' lang='lat' dir='ltr'><strong>dubitantes</strong></span> <span class='ocrx_word' id='word_1_520' title='bbox 1154 4524 1257 4618; x_wconf 88' lang='lat' dir='ltr'><strong>sequi</strong></span> <span class='ocrx_word' id='word_1_521' title='bbox 1281 4484 1415 4632; x_wconf 59' lang='lat' dir='ltr'><strong>{autor</strong></span> <span class='ocrx_word' id='word_1_522' title='bbox 1435 4525 1532 4617; x_wconf 90' lang='lat' dir='ltr'><strong>pacis</strong></span> <span class='ocrx_word' id='word_1_523' title='bbox 1555 4549 1630 4595; x_wconf 87' lang='lat' dir='ltr'><strong>esse</strong></span> <span class='ocrx_word' id='word_1_524' title='bbox 1655 4525 1777 4609; x_wconf 91' lang='lat' dir='ltr'><strong>malit,</strong></span> <span class='ocrx_word' id='word_1_525' title='bbox 1804 4549 1913 4619; x_wconf 90' lang='lat' dir='ltr'><strong>quam</strong></span> <span class='ocrx_word' id='word_1_526' title='bbox 1937 4525 2091 4595; x_wconf 83' lang='lat' dir='ltr'><strong>excitare</strong></span> <span class='ocrx_word' id='word_1_527' title='bbox 2113 4523 2230 4593; x_wconf 89' lang='lat' dir='ltr'><strong>maius</strong></span> <span class='ocrx_word' id='word_1_528' title='bbox 2246 4524 2299 4591; x_wconf 85' lang='lat' dir='ltr'><strong>in-</strong></span> 
     </span>
     <span class='ocr_line' id='line_1_41' title="bbox 261 4624 2325 4723; baseline -0.001 -27"><span class='ocrx_word' id='word_1_529' title='bbox 261 4646 299 4696; x_wconf 77' lang='lat' dir='ltr'><strong>te</strong></span> <span class='ocrx_word' id='word_1_530' title='bbox 325 4624 364 4692; x_wconf 90' lang='lat' dir='ltr'><strong>in</strong></span> <span class='ocrx_word' id='word_1_531' title='bbox 390 4627 567 4718; x_wconf 89' lang='lat' dir='ltr'><strong>praelium</strong></span> <span class='ocrx_word' id='word_1_532' title='bbox 601 4628 727 4720; x_wconf 77' lang='lat' dir='ltr'><strong>coegit.</strong></span> <span class='ocrx_word' id='word_1_533' title='bbox 792 4626 844 4697; x_wconf 91' lang='lat' dir='ltr'><strong>lta</strong></span> <span class='ocrx_word' id='word_1_534' title='bbox 879 4627 1066 4699; x_wconf 88' lang='lat' dir='ltr'><strong>trucidatis</strong></span> <span class='ocrx_word' id='word_1_535' title='bbox 1099 4640 1256 4723; x_wconf 86' lang='lat' dir='ltr'><strong>quatuor</strong></span> <span class='ocrx_word' id='word_1_536' title='bbox 1282 4638 1285 4651; x_wconf 71' lang='lat'>²</span> <span class='ocrx_word' id='word_1_537' title='bbox 1309 4628 1494 4711; x_wconf 90' lang='lat' dir='ltr'><strong>cendium,</strong></span> <span class='ocrx_word' id='word_1_538' title='bbox 1527 4629 1624 4722; x_wconf 89' lang='lat' dir='ltr'><strong>quod</strong></span> <span class='ocrx_word' id='word_1_539' title='bbox 1645 4628 1833 4699; x_wconf 89' lang='lat' dir='ltr'><strong>universae</strong></span> <span class='ocrx_word' id='word_1_540' title='bbox 1854 4626 1977 4697; x_wconf 90' lang='lat' dir='ltr'><strong>ltaliae</strong></span> <span class='ocrx_word' id='word_1_541' title='bbox 1994 4627 2197 4697; x_wconf 87' lang='lat' dir='ltr'><strong>vastitatem</strong></span> <span class='ocrx_word' id='word_1_542' title='bbox 2215 4624 2325 4708; x_wconf 52' lang='lat' dir='ltr'><strong>alla·‚</strong></span> 
     </span>
     <span class='ocr_line' id='line_1_42' title="bbox 261 4724 2299 4826; baseline 0 -32"><span class='ocrx_word' id='word_1_543' title='bbox 261 4724 420 4799; x_wconf 85' lang='lat' dir='ltr'><strong>millibus</strong></span> <span class='ocrx_word' id='word_1_544' title='bbox 443 4725 711 4816; x_wconf 90' lang='lat' dir='ltr'><strong>Bohemorum,</strong></span> <span class='ocrx_word' id='word_1_545' title='bbox 744 4731 903 4826; x_wconf 89' lang='lat' dir='ltr'><strong>reliquos</strong></span> <span class='ocrx_word' id='word_1_546' title='bbox 926 4731 965 4801; x_wconf 91' lang='lat' dir='ltr'><strong>in</strong></span> <span class='ocrx_word' id='word_1_547' title='bbox 986 4733 1108 4823; x_wconf 85' lang='lat' dir='ltr'><strong>sugam</strong></span> <span class='ocrx_word' id='word_1_548' title='bbox 1135 4731 1256 4816; x_wconf 88' lang='lat' dir='ltr'><strong>vertit,</strong></span> <span class='ocrx_word' id='word_1_549' title='bbox 1307 4745 1429 4802; x_wconf 91' lang='lat' dir='ltr'><strong>turum</strong></span> <span class='ocrx_word' id='word_1_550' title='bbox 1454 4732 1646 4800; x_wconf 83' lang='lat' dir='ltr'><strong>videretur.</strong></span> <span class='ocrx_word' id='word_1_551' title='bbox 1704 4729 1773 4800; x_wconf 88' lang='lat' dir='ltr'><strong>Sed</strong></span> <span class='ocrx_word' id='word_1_552' title='bbox 1799 4755 1878 4800; x_wconf 92' lang='lat' dir='ltr'><strong>cum</strong></span> <span class='ocrx_word' id='word_1_553' title='bbox 1901 4727 1990 4801; x_wconf 91' lang='lat' dir='ltr'><strong>baec</strong></span> <span class='ocrx_word' id='word_1_554' title='bbox 2010 4733 2142 4800; x_wconf 86' lang='lat' dir='ltr'><strong>frustra</strong></span> <span class='ocrx_word' id='word_1_555' title='bbox 2166 4739 2299 4819; x_wconf 84' lang='lat' dir='ltr'><strong>ageret,</strong></span> 
     </span>
     <span class='ocr_line' id='line_1_43' title="bbox 261 4826 2298 4927; baseline 0 -28"><span class='ocrx_word' id='word_1_556' title='bbox 261 4842 297 4900; x_wconf 88' lang='lat' dir='ltr'><strong>et</strong></span> <span class='ocrx_word' id='word_1_557' title='bbox 319 4853 400 4900; x_wconf 91' lang='lat' dir='ltr'><strong>cum</strong></span> <span class='ocrx_word' id='word_1_558' title='bbox 424 4826 618 4901; x_wconf 87' lang='lat' dir='ltr'><strong>Bavariam</strong></span> <span class='ocrx_word' id='word_1_559' title='bbox 640 4833 802 4927; x_wconf 86' lang='lat' dir='ltr'><strong>periculo</strong></span> <span class='ocrx_word' id='word_1_560' title='bbox 826 4836 1011 4918; x_wconf 87' lang='lat' dir='ltr'><strong>liberavit,</strong></span> <span class='ocrx_word' id='word_1_561' title='bbox 1046 4847 1123 4905; x_wconf 93' lang='lat' dir='ltr'><strong>tum</strong></span> <span class='ocrx_word' id='word_1_562' title='bbox 1147 4833 1257 4904; x_wconf 89' lang='lat' dir='ltr'><strong>Pala·</strong></span> <span class='ocrx_word' id='word_1_563' title='bbox 1307 4834 1445 4925; x_wconf 89' lang='lat' dir='ltr'><strong>ingenti</strong></span> <span class='ocrx_word' id='word_1_564' title='bbox 1470 4834 1608 4926; x_wconf 90' lang='lat' dir='ltr'><strong>praelio</strong></span> <span class='ocrx_word' id='word_1_565' title='bbox 1632 4833 1843 4904; x_wconf 82' lang='lat' dir='ltr'><strong>Pontificius</strong></span> <span class='ocrx_word' id='word_1_566' title='bbox 1868 4834 2041 4904; x_wconf 87' lang='lat' dir='ltr'><strong>exercitus</strong></span> <span class='ocrx_word' id='word_1_567' title='bbox 2065 4832 2179 4903; x_wconf 88' lang='lat' dir='ltr'><strong>victus</strong></span> <span class='ocrx_word' id='word_1_568' title='bbox 2202 4843 2298 4903; x_wconf 84' lang='lat' dir='ltr'><strong>esta</strong></span> 
     </span>
     <span class='ocr_line' id='line_1_44' title="bbox 261 4932 2297 5032; baseline 0.001 -32"><span class='ocrx_word' id='word_1_569' title='bbox 261 4932 377 5004; x_wconf 89' lang='lat' dir='ltr'><strong>tinum</strong></span> <span class='ocrx_word' id='word_1_570' title='bbox 402 4938 448 5006; x_wconf 88' lang='lat' dir='ltr'><strong>ad</strong></span> <span class='ocrx_word' id='word_1_571' title='bbox 471 4959 595 5028; x_wconf 89' lang='lat' dir='ltr'><strong>pacem</strong></span> <span class='ocrx_word' id='word_1_572' title='bbox 620 4941 811 5030; x_wconf 89' lang='lat' dir='ltr'><strong>petendam</strong></span> <span class='ocrx_word' id='word_1_573' title='bbox 837 4938 1022 5030; x_wconf 91' lang='lat' dir='ltr'><strong>compulit.</strong></span> <span class='ocrx_word' id='word_1_574' title='bbox 1307 4936 1420 5008; x_wconf 90' lang='lat' dir='ltr'><strong>Gallis</strong></span> <span class='ocrx_word' id='word_1_575' title='bbox 1435 4939 1481 5006; x_wconf 88' lang='lat' dir='ltr'><strong>ad</strong></span> <span class='ocrx_word' id='word_1_576' title='bbox 1493 4935 1718 5008; x_wconf 88' lang='lat' dir='ltr'><strong>Ravennam.</strong></span> <span class='ocrx_word' id='word_1_577' title='bbox 1769 4937 1970 5032; x_wconf 14' lang='lat' dir='ltr'><strong>Nunquam,</strong></span> <span class='ocrx_word' id='word_1_578' title='bbox 1982 4949 2105 5007; x_wconf 92' lang='lat' dir='ltr'><strong>nostra</strong></span> <span class='ocrx_word' id='word_1_579' title='bbox 2121 4933 2297 5004; x_wconf 78' lang='lat' dir='ltr'><strong>memoria</strong></span> 
     </span>
    </p>

    <p class='ocr_par' dir='ltr' id='par_1_7' title="bbox 258 5037 2297 5754">
     <span class='ocr_line' id='line_1_45' title="bbox 364 5037 2297 5134; baseline -0.001 -26"><span class='ocrx_word' id='word_1_580' title='bbox 364 5037 433 5108; x_wconf 89' lang='lat' dir='ltr'><strong>Sed</strong></span> <span class='ocrx_word' id='word_1_581' title='bbox 456 5052 633 5134; x_wconf 88' lang='lat' dir='ltr'><strong>quantum</strong></span> <span class='ocrx_word' id='word_1_582' title='bbox 660 5040 809 5112; x_wconf 88' lang='lat' dir='ltr'><strong>consilio</strong></span> <span class='ocrx_word' id='word_1_583' title='bbox 833 5053 868 5110; x_wconf 89' lang='lat' dir='ltr'><strong>et</strong></span> <span class='ocrx_word' id='word_1_584' title='bbox 900 5039 1148 5132; x_wconf 88' lang='lat' dir='ltr'><strong>magnitudine</strong></span> <span class='ocrx_word' id='word_1_585' title='bbox 1176 5042 1255 5109; x_wconf 88' lang='lat' dir='ltr'><strong>ani·</strong></span> <span class='ocrx_word' id='word_1_586' title='bbox 1307 5040 1424 5112; x_wconf 87' lang='lat' dir='ltr'><strong>acrius</strong></span> <span class='ocrx_word' id='word_1_587' title='bbox 1446 5039 1656 5110; x_wconf 87' lang='lat' dir='ltr'><strong>dimicatum</strong></span> <span class='ocrx_word' id='word_1_588' title='bbox 1679 5053 1752 5125; x_wconf 91' lang='lat' dir='ltr'><strong>est,</strong></span> <span class='ocrx_word' id='word_1_589' title='bbox 1779 5041 1878 5112; x_wconf 83' lang='lat' dir='ltr'><strong>nulla</strong></span> <span class='ocrx_word' id='word_1_590' title='bbox 1903 5041 1996 5110; x_wconf 82' lang='lat' dir='ltr'><strong>facta</strong></span> <span class='ocrx_word' id='word_1_591' title='bbox 2014 5038 2132 5108; x_wconf 88' lang='lat' dir='ltr'><strong>maior</strong></span> <span class='ocrx_word' id='word_1_592' title='bbox 2148 5049 2297 5128; x_wconf 76' lang='lat' dir='ltr'><strong>strages,</strong></span> 
     </span>
     <span class='ocr_line' id='line_1_46' title="bbox 261 5137 2296 5238; baseline 0 -30"><span class='ocrx_word' id='word_1_593' title='bbox 261 5137 314 5208; x_wconf 87' lang='lat' dir='ltr'><strong>mi</strong></span> <span class='ocrx_word' id='word_1_594' title='bbox 344 5142 568 5229; x_wconf 84' lang='lat' dir='ltr'><strong>excelluerit,</strong></span> <span class='ocrx_word' id='word_1_595' title='bbox 609 5144 739 5216; x_wconf 83' lang='lat' dir='ltr'><strong>clarius</strong></span> <span class='ocrx_word' id='word_1_596' title='bbox 772 5142 879 5213; x_wconf 88' lang='lat' dir='ltr'><strong>etiam</strong></span> <span class='ocrx_word' id='word_1_597' title='bbox 917 5143 956 5210; x_wconf 91' lang='lat' dir='ltr'><strong>in</strong></span> <span class='ocrx_word' id='word_1_598' title='bbox 984 5142 1122 5214; x_wconf 91' lang='lat' dir='ltr'><strong>Veneto</strong></span> <span class='ocrx_word' id='word_1_599' title='bbox 1157 5145 1253 5215; x_wconf 88' lang='lat' dir='ltr'><strong>bello</strong></span> <span class='ocrx_word' id='word_1_600' title='bbox 1307 5166 1415 5238; x_wconf 90' lang='lat' dir='ltr'><strong>quam</strong></span> <span class='ocrx_word' id='word_1_601' title='bbox 1439 5143 1477 5212; x_wconf 90' lang='lat' dir='ltr'><strong>in</strong></span> <span class='ocrx_word' id='word_1_602' title='bbox 1494 5167 1538 5214; x_wconf 92' lang='lat' dir='ltr'><strong>eo</strong></span> <span class='ocrx_word' id='word_1_603' title='bbox 1553 5144 1702 5238; x_wconf 90' lang='lat' dir='ltr'><strong>praelio.</strong></span> <span class='ocrx_word' id='word_1_604' title='bbox 1754 5140 1806 5212; x_wconf 87' lang='lat' dir='ltr'><strong>lta</strong></span> <span class='ocrx_word' id='word_1_605' title='bbox 1823 5146 1919 5214; x_wconf 90' lang='lat' dir='ltr'><strong>enim</strong></span> <span class='ocrx_word' id='word_1_606' title='bbox 1935 5139 2093 5214; x_wconf 87' lang='lat' dir='ltr'><strong>etlulius</strong></span> <span class='ocrx_word' id='word_1_607' title='bbox 2111 5141 2186 5233; x_wconf 80' lang='lat' dir='ltr'><strong>ipre</strong></span> <span class='ocrx_word' id='word_1_608' title='bbox 2204 5139 2296 5211; x_wconf 87' lang='lat' dir='ltr'><strong>iudi-</strong></span> 
     </span>
     <span class='ocr_line' id='line_1_47' title="bbox 262 5238 2295 5344; baseline -0.001 -30"><span class='ocrx_word' id='word_1_609' title='bbox 262 5245 420 5339; x_wconf 88' lang='lat' dir='ltr'><strong>conspici</strong></span> <span class='ocrx_word' id='word_1_610' title='bbox 442 5238 580 5338; x_wconf 88' lang='lat' dir='ltr'><strong>potuit,</strong></span> <span class='ocrx_word' id='word_1_611' title='bbox 613 5247 746 5344; x_wconf 91' lang='lat' dir='ltr'><strong>inquo</strong></span> <span class='ocrx_word' id='word_1_612' title='bbox 770 5272 850 5317; x_wconf 92' lang='lat' dir='ltr'><strong>cum</strong></span> <span class='ocrx_word' id='word_1_613' title='bbox 874 5244 1107 5338; x_wconf 87' lang='lat' dir='ltr'><strong>intelligeret,</strong></span> <span class='ocrx_word' id='word_1_614' title='bbox 1140 5271 1254 5342; x_wconf 88' lang='lat' dir='ltr'><strong>quan-</strong></span> <span class='ocrx_word' id='word_1_615' title='bbox 1306 5247 1418 5331; x_wconf 84' lang='lat' dir='ltr'><strong>cavit,</strong></span> <span class='ocrx_word' id='word_1_616' title='bbox 1450 5259 1593 5341; x_wconf 87' lang='lat' dir='ltr'><strong>accepta</strong></span> <span class='ocrx_word' id='word_1_617' title='bbox 1610 5243 1677 5317; x_wconf 90' lang='lat' dir='ltr'><strong>hac</strong></span> <span class='ocrx_word' id='word_1_618' title='bbox 1696 5248 1816 5330; x_wconf 88' lang='lat' dir='ltr'><strong>clade,</strong></span> <span class='ocrx_word' id='word_1_619' title='bbox 1848 5248 1888 5315; x_wconf 90' lang='lat' dir='ltr'><strong>in</strong></span> <span class='ocrx_word' id='word_1_620' title='bbox 1907 5259 2067 5317; x_wconf 79' lang='lat' dir='ltr'><strong>extremo</strong></span> <span class='ocrx_word' id='word_1_621' title='bbox 2084 5244 2295 5337; x_wconf 85' lang='lat' dir='ltr'><strong>periculose</strong></span> 
     </span>
     <span class='ocr_line' id='line_1_48' title="bbox 260 5346 2224 5444; baseline 0.001 -28"><span class='ocrx_word' id='word_1_622' title='bbox 260 5357 297 5416; x_wconf 88' lang='lat' dir='ltr'><strong>ta</strong></span> <span class='ocrx_word' id='word_1_623' title='bbox 326 5360 417 5422; x_wconf 87' lang='lat' dir='ltr'><strong>esset</strong></span> <span class='ocrx_word' id='word_1_624' title='bbox 436 5348 657 5422; x_wconf 79' lang='lat' dir='ltr'><strong>Venetorum</strong></span> <span class='ocrx_word' id='word_1_625' title='bbox 682 5350 863 5444; x_wconf 88' lang='lat' dir='ltr'><strong>potentia,</strong></span> <span class='ocrx_word' id='word_1_626' title='bbox 895 5349 1070 5442; x_wconf 87' lang='lat' dir='ltr'><strong>pertraxit</strong></span> <span class='ocrx_word' id='word_1_627' title='bbox 1096 5350 1142 5418; x_wconf 87' lang='lat' dir='ltr'><strong>ad</strong></span> <span class='ocrx_word' id='word_1_628' title='bbox 1167 5351 1253 5421; x_wconf 88' lang='lat' dir='ltr'><strong>belli</strong></span> <span class='ocrx_word' id='word_1_629' title='bbox 1304 5362 1340 5420; x_wconf 86' lang='lat' dir='ltr'><strong>et</strong></span> <span class='ocrx_word' id='word_1_630' title='bbox 1354 5350 1558 5422; x_wconf 78' lang='lat' dir='ltr'><strong>universam</strong></span> <span class='ocrx_word' id='word_1_631' title='bbox 1574 5348 1713 5421; x_wconf 90' lang='lat' dir='ltr'><strong>ltaliam</strong></span> <span class='ocrx_word' id='word_1_632' title='bbox 1728 5350 1876 5421; x_wconf 86' lang='lat' dir='ltr'><strong>versari.</strong></span> <span class='ocrx_word' id='word_1_633' title='bbox 2221 5346 2224 5353; x_wconf 76' lang='grc'><strong>’</strong></span> 
     </span>
     <span class='ocr_line' id='line_1_49' title="bbox 260 5446 2297 5546; baseline -0.003 -23"><span class='ocrx_word' id='word_1_634' title='bbox 260 5451 468 5523; x_wconf 71' lang='lat' dir='ltr'><strong>muctarem</strong></span> <span class='ocrx_word' id='word_1_635' title='bbox 505 5450 643 5544; x_wconf 88' lang='lat' dir='ltr'><strong>Regem</strong></span> <span class='ocrx_word' id='word_1_636' title='bbox 684 5454 872 5524; x_wconf 89' lang='lat' dir='ltr'><strong>Gallorum</strong></span> <span class='ocrx_word' id='word_1_637' title='bbox 914 5449 1139 5523; x_wconf 85' lang='lat' dir='ltr'><strong>Ludovicum</strong></span> <span class='ocrx_word' id='word_1_638' title='bbox 1177 5449 1252 5529; x_wconf 81' lang='grc' dir='ltr'><strong>ΧΠ.</strong></span> <span class='ocrx_word' id='word_1_639' title='bbox 1397 5453 1530 5546; x_wconf 77' lang='lat' dir='ltr'><strong>&#39;Quare</strong></span> <span class='ocrx_word' id='word_1_640' title='bbox 1544 5453 1664 5525; x_wconf 83' lang='lat' dir='ltr'><strong>statim</strong></span> <span class='ocrx_word' id='word_1_641' title='bbox 1680 5478 1760 5523; x_wconf 93' lang='lat' dir='ltr'><strong>cum</strong></span> <span class='ocrx_word' id='word_1_642' title='bbox 1775 5451 2027 5523; x_wconf 88' lang='lat' dir='ltr'><strong>Maximiliano</strong></span> <span class='ocrx_word' id='word_1_643' title='bbox 2044 5452 2089 5521; x_wconf 88' lang='lat' dir='ltr'><strong>de</strong></span> <span class='ocrx_word' id='word_1_644' title='bbox 2106 5472 2197 5542; x_wconf 89' lang='lat' dir='ltr'><strong>paee</strong></span> <span class='ocrx_word' id='word_1_645' title='bbox 2210 5446 2297 5540; x_wconf 83' lang='lat' dir='ltr'><strong>agit,</strong></span> 
     </span>
     <span class='ocr_line' id='line_1_50' title="bbox 258 5550 2296 5717; baseline -0.001 -93"><span class='ocrx_word' id='word_1_646' title='bbox 258 5550 520 5628; x_wconf 64' lang='lat' dir='ltr'><strong>munitissimas</strong></span> <span class='ocrx_word' id='word_1_647' title='bbox 543 5558 671 5639; x_wconf 84' lang='lat' dir='ltr'><strong>urbes,</strong></span> <span class='ocrx_word' id='word_1_648' title='bbox 702 5555 915 5640; x_wconf 82' lang='lat' dir='ltr'><strong>Patavium,</strong></span> <span class='ocrx_word' id='word_1_649' title='bbox 939 5552 1145 5638; x_wconf 89' lang='lat' dir='ltr'><strong>Veronam,</strong></span> <span class='ocrx_word' id='word_1_650' title='bbox 1170 5554 1251 5626; x_wconf 89' lang='lat' dir='ltr'><strong>Bri·</strong></span> <span class='ocrx_word' id='word_1_651' title='bbox 1274 5556 1279 5717; x_wconf 70' lang='grc' dir='ltr'>Ι</span> <span class='ocrx_word' id='word_1_652' title='bbox 1303 5554 1387 5650; x_wconf 81' lang='lat' dir='ltr'><strong>qui,</strong></span> <span class='ocrx_word' id='word_1_653' title='bbox 1414 5562 1454 5626; x_wconf 90' lang='lat' dir='ltr'><strong>ut</strong></span> <span class='ocrx_word' id='word_1_654' title='bbox 1474 5553 1597 5625; x_wconf 86' lang='lat' dir='ltr'><strong>ltaliae</strong></span> <span class='ocrx_word' id='word_1_655' title='bbox 1615 5557 1721 5629; x_wconf 83' lang='lat' dir='ltr'><strong>saluti</strong></span> <span class='ocrx_word' id='word_1_656' title='bbox 1738 5557 1959 5640; x_wconf 89' lang='lat' dir='ltr'><strong>consuleret,</strong></span> <span class='ocrx_word' id='word_1_657' title='bbox 1980 5552 2171 5627; x_wconf 66' lang='lat' dir='ltr'><strong>hudoneo</strong></span> <span class='ocrx_word' id='word_1_658' title='bbox 2187 5552 2296 5623; x_wconf 79' lang='lat' dir='ltr'><strong>etiam</strong></span> 
     </span>
     <span class='ocr_line' id='line_1_51' title="bbox 258 5653 2294 5754; baseline -0 -28"><span class='ocrx_word' id='word_1_659' title='bbox 258 5659 375 5741; x_wconf 79' lang='lat' dir='ltr'><strong>xirm,</strong></span> <span class='ocrx_word' id='word_1_660' title='bbox 411 5670 446 5727; x_wconf 88' lang='lat' dir='ltr'><strong>et</strong></span> <span class='ocrx_word' id='word_1_661' title='bbox 475 5659 665 5754; x_wconf 85' lang='lat' dir='ltr'><strong>plerasque</strong></span> <span class='ocrx_word' id='word_1_662' title='bbox 686 5659 776 5731; x_wconf 78' lang='lat' dir='ltr'><strong>alias</strong></span> <span class='ocrx_word' id='word_1_663' title='bbox 799 5657 932 5752; x_wconf 89' lang='lat' dir='ltr'><strong>partim</strong></span> <span class='ocrx_word' id='word_1_664' title='bbox 959 5657 998 5726; x_wconf 75' lang='lat' dir='ltr'><strong>ri</strong></span> <span class='ocrx_word' id='word_1_665' title='bbox 1021 5659 1251 5751; x_wconf 78' lang='lat' dir='ltr'><strong>expugnavit,</strong></span> <span class='ocrx_word' id='word_1_666' title='bbox 1300 5656 1400 5751; x_wconf 76' lang='lat' dir='ltr'><strong>pacis</strong></span> <span class='ocrx_word' id='word_1_667' title='bbox 1429 5672 1536 5730; x_wconf 87' lang='lat' dir='ltr'><strong>autor</strong></span> <span class='ocrx_word' id='word_1_668' title='bbox 1564 5673 1653 5731; x_wconf 82' lang='lat' dir='ltr'><strong>erat.</strong></span> <span class='ocrx_word' id='word_1_669' title='bbox 1714 5660 1783 5731; x_wconf 93' lang='lat' dir='ltr'><strong>Sed</strong></span> <span class='ocrx_word' id='word_1_670' title='bbox 1807 5683 1887 5732; x_wconf 93' lang='lat' dir='ltr'><strong>cum</strong></span> <span class='ocrx_word' id='word_1_671' title='bbox 1910 5660 1971 5729; x_wconf 82' lang='lat' dir='ltr'><strong>ille</strong></span> <span class='ocrx_word' id='word_1_672' title='bbox 1997 5660 2052 5728; x_wconf 90' lang='lat' dir='ltr'><strong>ira</strong></span> <span class='ocrx_word' id='word_1_673' title='bbox 2077 5670 2188 5752; x_wconf 84' lang='lat' dir='ltr'><strong>atque</strong></span> <span class='ocrx_word' id='word_1_674' title='bbox 2208 5653 2294 5725; x_wconf 79' lang='lat' dir='ltr'><strong>odiu</strong></span> 
     </span>
    </p>
   </div>
   <div class='ocr_carea' id='block_1_3' title="bbox 0 0 2568 6519">
    <p class='ocr_par' dir='ltr' id='par_1_8' title="bbox 0 0 2568 6519">
     <span class='ocr_line' id='line_1_52' title="bbox 0 0 2568 6519; baseline 0 0"><span class='ocrx_word' id='word_1_675' title='bbox 0 0 2568 6519; x_wconf 95' lang='lat' dir='ltr'><strong> </strong></span> 
     </span>
    </p>
   </div>
  </div>
 </body>
</html>
