5125 6525
148 386 225 472 tos
353 349 770 465 nrxuonrxrro
793 389 1103 467 munuum
1128 392 1196 467 ιι
1222 390 1425 465 rernm
1452 390 1628 465 rurus
1653 354 1989 470 ιιιιιιιιιιιιιιι
2116 397 2191 471 ιιι
2289 496 2294 506 y

145 562 308 636 Pontum
327 562 510 637 Euxinum
535 578 720 650 tenerent,
760 579 801 636 ut
824 590 899 635 non
925 565 1038 649 mari,
1068 590 1144 635 non
1196 564 1349 636 Memini
1369 590 1427 635 me
1447 590 1561 659 puero
1577 561 1673 635 hunc
1690 579 1862 661 tanquam
1878 566 2122 637 Alexandrum
2141 569 2191 635 al-

148 665 355 750 montibus,
386 692 463 738 non
491 667 740 759 magnitudine
762 668 925 738 Graeci
914 668 1058 788 imperii
1083 671 1143 738 de·
1195 682 1312 739 terum
1345 669 1569 762 praedicari,
1601 670 1747 763 eiusque
1774 669 1946 766 virtuti⁰)
1973 682 2009 739 et
2029 668 2191 739 felicitati

147 769 266 842 territi
283 769 374 853 sint,
399 796 472 864 quo
489 797 608 842 mmus
624 796 663 840 ιιι
678 772 802 842 Asiam
823 784 859 840 et
872 747 1088 863 Europam
1077 797 1144 840 rm·
1195 796 1311 864 prona
1336 773 1459 841 omnia
1481 772 1609 842 videri.

103 871 106 878 '
147 885 273 965 petum
305 873 484 957 facerent,
520 899 601 944 cum
640 874 785 968 quidem
823 898 970 965 magnas
996 874 1143 967 insuper
1296 871 1338 942 In
1361 886 1461 944 tanta
1485 872 1735 966 trepidatione.
1751 887 1980 959 nostrorum,
2006 873 2104 945 Deus
2120 876 2189 944 cle·

149 976 267 1046 clades
295 976 514 1067 acciperent.
556 1001 603 1046 an
628 1001 725 1048 nunc
746 979 896 1069 adeptos
918 989 1056 1048 tantam
1070 1002 1143 1096 po·
1195 987 1335 1078 menter
1354 977 1510 1069 respexit
1529 976 1726 1047 Ecclesiam
1749 1001 1870 1062 suam,
1898 990 1933 1047 et
1953 978 2005 1047 illi
2030 991 2186 1071 tyranno

148 1077 320 1162 tentiam,
353 1092 472 1151 tantas
495 1079 610 1164 vires,
643 1092 679 1148 et
699 1075 769 1149 hoc
790 1078 992 1170 fastigium,
1025 1079 1143 1150 existi·
1194 1069 1268 1144 iam
1292 1075 1415 1148 ltaliae
1440 1080 1578 1149 aditum
1604 1080 1739 1150 tenenti
1764 1104 1892 1151 manus
1916 1080 2057 1164 iniecit,
2089 1105 2188 1150 eum-

148 1181 255 1252 matis
270 1204 346 1250 non
360 1182 529 1253 delectam
543 1180 691 1273 Imperu
705 1181 845 1273 gloria?
875 1184 928 1252 Ac
943 1207 1030 1252 vero
1045 1207 1143 1253 acer
1195 1204 1287 1273 que,
1312 1205 1359 1250 ne
1379 1183 1539 1253 funditus
1562 1179 1806 1253 Christianum
1831 1208 1987 1268 nomen,
2021 1207 2101 1252 aras
2122 1207 2189 1252 no·
2223 1253 2229 1262 ,

132 1285 264 1370 ⁴rimus
286 1297 338 1354 est
360 1285 563 1356 stimulus
552 1310 591 1354 m
612 1285 825 1357 bellicosis
815 1285 987 1405 ingeniis,
1022 1310 1142 1354 armo·
1194 1294 1305 1365 stras,
1332 1297 1367 1352 et
1380 1286 1656 1355 sacratissrmam
1672 1286 1881 1376 religionem
1899 1288 2051 1370 deleret,
2078 1310 2188 1354 eme-

148 1410 232 1458 rum
247 1399 283 1456 et
297 1383 443 1479 lmpern
457 1390 583 1471 decus
610 1389 820 1480 praesertim
837 1413 867 1459 ιι
881 1389 1014 1479 aspiret
1033 1389 1140 1458 etiam
1194 1385 1256 1452 dio
1278 1387 1440 1469 sustulit,
1467 1402 1575 1480 atque
1600 1387 1759 1458 extinxit
1819 1389 1898 1459 Hoc
1920 1389 2092 1459 beneficio
2117 1389 2188 1456 cla-

146 1492 304 1560 fortuna.
1194 1486 1333 1558 tissime
1371 1502 1520 1561 testatus
1555 1504 1607 1560 est
1631 1489 1750 1572 Deus,
1781 1516 1847 1562 nos
1871 1492 1941 1562 sibi
1968 1517 2074 1562 curae
2101 1516 2187 1562 esse.

249 1592 386 1661 Multae
409 1606 530 1663 autem
555 1606 701 1663 nostrae
725 1594 844 1663 clades
857 1617 1043 1662 numerarr
1060 1618 1142 1684 pos-
1194 1588 1305 1681 Quod
1338 1593 1484 1686 quidem
1513 1593 1543 1663 si
1574 1593 1820 1683 agnoscimus,
1862 1594 2079 1685 cogitemus,
2120 1618 2187 1664 nos

145 1706 230 1764 sunt
245 1694 329 1764 inde
347 1719 459 1789 usque
475 1719 495 1763 a
511 1695 671 1789 praelio,
693 1697 791 1789 quod
806 1696 1056 1787 sigismundus
1070 1694 1141 1764 lm·
1194 1693 1339 1784 quidem
1365 1719 1408 1764 eo
1430 1708 1590 1765 servatos
1615 1720 1709 1776 esse,
1739 1718 1814 1764 non
1830 1709 1870 1765 ut
1887 1697 1995 1766 otiosi
2011 1711 2187 1790 perpetuo

147 1809 294 1888 perator
312 1822 392 1868 cnm
408 1797 537 1869 'furcis
558 1796 747 1868 infeliciter
764 1798 962 1882 commisit,
988 1824 1068 1869 cum
1086 1800 1141 1867 iu-
1193 1796 1348 1884 grassari
1372 1797 1410 1865 in
1424 1796 1581 1868 Ecclesia
1597 1797 1736 1867 'furcas
1754 1798 1933 1883 sinamus,
1959 1800 2020 1869 sed
2042 1811 2082 1868 ut
2096 1798 2187 1868 exci-

148 1914 244 1968 terea
280 1900 419 1969 nullam
454 1899 537 1991 ipsi'
556 1901 732 1992 insignem
761 1902 897 1971 cladem
926 1902 1139 1995 acceperint.
1192 1898 1259 1966 tati
1281 1923 1349 1969 nos
1372 1926 1516 1995 quoque
1540 1925 1625 1970 cura
1641 1899 1819 1971 Ecclesiae
1841 1902 2049 1972 liberandae
2072 1914 2108 1971 et
2126 1904 2188 1971 de·

146 1998 270 2096 ltaque
287 2002 325 2071 in
341 2016 414 2102 tam
427 2003 522 2073 felici
536 2004 770 2076 victoriarum
787 2030 912 2089 cursu,
939 2030 1047 2100 quam
1064 2029 1139 2074 non
1191 1999 1392 2072 fendendae
1414 2003 1630 2091 afficiamur,
1657 2016 1693 2073 et
1714 2003 1867 2073 sciamus
1880 2004 1999 2076 Deum
2017 2028 2095 2076 rem
2112 2018 2188 2074 tam

148 2105 337 2189 cessarint,
370 2106 511 2178 videtis.
565 2106 615 2176 Ut
637 2108 733 2177 enim
756 2109 921 2179 omittam
944 2133 1002 2178 res
1025 2122 1140 2200 gestas
1192 2105 1289 2194 piam
1323 2101 1597 2197 suscipientibus
1631 2108 1826 2175 affuturum
1854 2133 1940 2179 esse.
1996 2106 2091 2181 Nam
2117 2132 2186 2180 nos

146 2207 396 2299 superiorum,
422 2205 671 2293 Mabometus,
707 2212 769 2305 qui
790 2238 847 2281 me
870 2236 983 2302 puero
1004 2210 1141 2294 floruit,
1193 2207 1352 2300 quidem,
1380 2211 1509 2303 quibus
1525 2210 1742 2300 reipublicae
1758 2211 1917 2280 defensio
1935 2209 2186 2282 commendata

147 2334 287 2380 summa
302 2312 495 2397 celeritate
522 2338 586 2384 ceu
598 2313 736 2383 fulmen
754 2316 953 2430 quoddam,
971 2338 1138 2404 magnam
1193 2321 1264 2394 est,
1291 2335 1365 2379 non
1392 2313 1502 2381 alium
1524 2311 1604 2380 Deo
1627 2313 1761 2380 cultum
1785 2313 1979 2401 gratiorem
2002 2327 2186 2406 praestare

147 2410 317 2532 Europae
341 2427 481 2505 partem
505 2428 720 2507 pervagatus
741 2429 812 2500 est,
838 2441 919 2485 cum
942 2415 980 2482 in
994 2415 1141 2484 Panno·
1192 2435 1393 2502 possumus.
1446 2410 1784 2482 Divinitusetillud
1802 2415 1948 2498 accidit,
1975 2407 2073 2509 quod
2095 2441 2187 2486 non·

146 2515 217 2586 niis
241 2515 432 2586 infeliciter
456 2518 678 2601 dimicasset,
711 2517 825 2587 victus
849 2542 869 2585 a
890 2515 1141 2588 loanneflun·
1192 2509 1285 2582 nihil
1308 2517 1540 2584 retardarunt
1560 2516 1792 2584 victoriarum
1817 2512 2017 2586 Mabometi
2040 2542 2184 2589 cursum

147 2617 275 2700 niade,
306 2642 536 2714 nequaquam
560 2618 682 2690 animo
704 2620 837 2690 fractus
858 2632 931 2703 est,
961 2622 1023 2691 sed
1046 2620 1141 2692 Con·
1191 2616 1435 2687 fortissimi
1401 2618 1490 2702 vrri,
1516 2616 1674 2711 primum
1694 2615 1846 2690 loannes
1868 2618 2097 2703 Hunniades,
2125 2622 2186 2689 de-

147 2718 422 2815 stantinopolim
453 2720 623 2805 adortus,
662 2722 726 2791 diu
752 2723 951 2807 obsessam,
993 2725 1140 2792 tandem
1193 2718 1277 2787 inde
1299 2720 1475 2811 Georgius
1499 2720 1778 2803 Scanderbeius,
1816 2733 1852 2790 et
1874 2722 1952 2791 Rex
1977 2721 2185 2813 Hungariae

147 2847 267 2907 anno,
301 2836 495 2918 antequam
519 2839 750 2909 natussum,
780 2839 900 2910 sexto,
932 2825 969 2892 vi
999 2838 1140 2918 captam
1193 2818 1378 2895 Matthias.
1430 2821 1601 2894 Libenter
1623 2824 1720 2892 enim
1741 2848 2009 2909 commemoro,
2035 2837 2075 2896 ut
2091 2825 2187 2917 cogi·

148 2926 320 3018 diripuit,
347 2928 589 3001 crudelissime
606 2929 793 2998 interfecto
807 2926 1031 3022 Imperatore
1046 2927 1141 2998 Con·
1193 2924 1274 2995 tetis
1296 2927 1448 2996 salutem
1466 2924 1646 2997 Ecclesiae
1662 2925 1741 2996 Deo
1767 2951 1874 2997 curae
1899 2952 1993 3011 esse,
2020 2941 2054 2998 et
2071 2941 2112 2999 ut
2125 2930 2187 2999 de·

102 3087 113 3101 .
147 3027 327 3111 stantino,
363 3045 516 3123 cognato
536 3045 683 3113 nostro,
711 3044 746 3100 et
769 3032 881 3124 raptis
907 3033 953 3100 ad
975 3044 1139 3124 stuprum
1193 3028 1309 3097 bitum
1342 3029 1485 3100 virtutis
1517 3029 1762 3102 testimonium
1795 3025 1852 3100 his
1877 3030 2025 3101 ducibus
2050 3030 2187 3122 optime

148 3131 223 3205 eius
237 3131 372 3203 liberis.
1194 3130 1332 3201 meritis
1360 3132 1573 3205 tribuamus.
1632 3132 1708 3204 Hos
1730 3131 1826 3202 enim
1849 3132 2096 3222 antagonistas
2121 3158 2187 3204 ceu

249 3231 380 3307 Postea
407 3248 508 3329 capta
528 3231 706 3321 Thracia,
732 3234 887 3332 Mysiam
911 3236 1069 3321 invadit,
1101 3259 1142 3306 ac
1194 3257 1340 3303 murum
1369 3236 1546 3354 opposuit·
1569 3234 1668 3306 Deus
1696 3234 1850 3305 irruenti
1875 3231 2108 3319 Mabometo,
2140 3260 2187 3337 ne

147 3338 221 3406 fere
238 3350 316 3409 toto
330 3335 474 3434 Illyrico
493 3341 654 3424 domito,
680 3351 716 3409 et
734 3353 907 3431 occupato
926 3365 1036 3458 regno
1052 3340 1142 3410 Bos·
1193 3335 1341 3407 subito
1329 3351 1467 3430 rmpetu
1483 3339 1689 3408 universam
1705 3335 1891 3457 Europam
1909 3338 2141 3458 opprimeret.

148 3464 239 3525 nae,
272 3439 464 3516 Graeciam
489 3443 664 3512 adoritur.
724 3438 938 3511 Corinthum
971 3442 1006 3509 vi
1033 3466 1142 3560 expu·
1297 3439 1507 3510 Primum
1496 3466 1534 3509 m
1559 3441 1827 3511 Pannoniam
1815 3465 2015 3532 ingressus,
2054 3465 2188 3534 magno

148 3555 252 3636 gnat,
284 3557 320 3614 et
343 3545 635 3635 Peloponnesum
657 3543 788 3613 ditioni
809 3568 894 3615 suae
917 3545 1098 3628 adiicit,
1087 3571 1143 3613 m-
1194 3540 1310 3613 victus
1340 3555 1392 3613 est
1423 3544 1469 3612 ab
1491 3542 1697 3614 Hunniade.
1759 3542 1900 3615 Deinde
1925 3558 2106 3614 remorata
2134 3556 2189 3619 est

149 3646 303 3718 terfectis
336 3646 582 3738 Palaeologis,
619 3645 806 3717 Demetrio
839 3659 876 3717 et
901 3645 1044 3717 Thomu
1070 3650 1142 3716 fra·
1195 3669 1276 3716 eum
1302 3668 1368 3736 per
1390 3646 1523 3717 multos
1545 3671 1660 3716 annos
1675 3646 1900 3717 Macedonia.
1952 3646 2046 3718 Nam
2065 3648 2188 3741 quoad

148 3749 275 3820 tribus.
1195 3748 1284 3818 vixit
1298 3748 1575 3833 Scanderbeius,
1599 3750 1768 3840 repressit
1783 3750 1992 3834 barbarum,
2018 3763 2055 3819 et
2068 3750 2188 3842 singu·

253 3851 328 3921 Tot
347 3850 466 3942 regnis
492 3876 533 3921 ac
552 3851 748 3944 pro'vinciis
770 3854 808 3922 in
822 3850 969 3944 Europa
994 3850 1142 3943 potitus,
1194 3851 1262 3920 lari
1287 3851 1419 3922 virtute
1442 3865 1477 3921 et
1501 3852 1695 3923 foelicitate
1717 3854 1875 3945 patrium
1894 3877 2045 3944 regnum
2066 3855 2188 3924 defen·

149 3956 240 4024 adeo
261 3979 341 4025 non
363 3953 497 4046 recepit
512 3980 549 4026 se
566 3954 605 4024 in
622 3955 756 4042 otium,
781 3968 822 4025 ut
835 3956 986 4027 subinde
1002 3955 1141 4025 maiora
1194 3954 1260 4024 dit.
1312 3953 1390 4022 Hoc
1412 3968 1558 4025 mortuo
1582 3957 1728 4025 tandem
1752 3955 1987 4041 Macedonia,
2010 3981 2087 4027 non
2108 3958 2189 4028 diu·

125 4067 211 4151 'spe
230 4071 338 4154 atque
359 4057 483 4127 animo
500 4058 716 4150 conciperet.
769 4058 980 4130 Constitutis
994 4057 1143 4150 provin·
1194 4070 1304 4128 turno
1336 4057 1431 4126 hello
1464 4071 1634 4142 vexata,
1645 4059 1722 4128 sine
1755 4059 1951 4128 certamine
1977 4055 2187 4129 Mabometo

150 4160 212 4232 ciis
234 4162 274 4230 in
296 4158 463 4254 Europa,
490 4161 624 4233 traiicit
644 4161 683 4230 iu
706 4161 849 4246 Asiam,
875 4161 1141 4254 Trapezuntem
1195 4160 1310 4232 cessit.
1363 4156 1536 4232 Matthias
1555 4157 1731 4256 atiquott)
1753 4161 1898 4253 praeliis
1912 4162 2087 4232 deterruit
2103 4185 2186 4230 eum

150 4276 330 4355 expugnat
347 4288 430 4355 rege
449 4266 650 4335 interfecto.
702 4264 842 4335 Deinde
858 4264 1068 4359 Mitylenem
1085 4289 1143 4333 ar·
1196 4265 1240 4332 ab
1257 4262 1463 4354 Hungaria3
1490 4265 1536 4332 ad
1552 4258 1641 4333 haec
1655 4288 1774 4333 arcem
1794 4262 1827 4333 ei
1843 4263 2051 4345 Sabaceam,
2077 4261 2186 4333 truci-

149 4366 219 4437 mis
240 4366 351 4460 cepit;
381 4390 533 4461 cumque
554 4368 627 4437 iam
643 4368 820 4438 minorem
833 4367 956 4439 Asiam
978 4391 1020 4437 ac
1032 4366 1142 4437 Ponti
1195 4367 1281 4437 dato
1298 4367 1454 4437 exercitu
1469 4366 1644 4451 Turcico,
1666 4366 1811 4458 eripuit.
2105 4435 2111 4444 ,

151 4493 255 4540 oram
279 4469 485 4540 universam
508 4484 666 4555 teneret,
692 4473 861 4542 transfert
874 4471 1007 4541 bellum
1023 4470 1062 4538 in
1078 4470 1144 4564 Sy·
1296 4466 1464 4539 Extincto
1484 4469 1593 4560 igitur
1610 4465 1820 4539 Mabometo
1837 4467 2019 4560 paulisper
2033 4466 2187 4560 respira-

150 4573 243 4643 riam
258 4585 294 4642 et
307 4572 524 4666 Aegyptum
567 4573 637 4644 Sed
654 4599 734 4644 cum
751 4574 920 4646 Sultanus
938 4574 1012 4643 acie
1028 4573 1142 4644 victus
1196 4572 1324 4642 vimus.
1375 4571 1470 4643 Nam
1492 4586 1527 4643 et
1545 4572 1739 4643 domestica
1755 4571 1927 4642 dissensio
1941 4583 2096 4641 mortem
2111 4571 2187 4642 eius

150 4700 277 4768 pacem
305 4687 462 4769 peteret,
504 4677 596 4778 quia·
619 4677 766 4748 maioris
794 4677 930 4770 gloriae
952 4677 1141 4746 materiam
1194 4686 1346 4769 sequuta
1370 4688 1440 4756 est;
1473 4677 1536 4746 sed
1560 4676 1745 4795 aliquanto
1767 4687 1867 4768 post,
1899 4675 2030 4745 sedatis
2054 4673 2189 4744 discor-

151 4778 242 4850 vidit
265 4803 340 4852 esse
364 4780 402 4849 in
424 4776 593 4870 Europa,
625 4781 750 4852 foedus
776 4805 855 4851 cum
876 4780 1027 4852 Sultano
1047 4779 1143 4864 ferit,
1195 4778 1466 4864 diisintestinis,
1488 4780 1618 4849 iterum
1634 4777 1892 4869 vicinisregnis
1906 4778 1998 4847 bella
2015 4776 2186 4848 inferunt.

151 4895 187 4951 et
210 4883 384 4954 rediens
372 4908 410 4953 ιιι
427 4879 634 5002 Europam,
660 4882 833 4955 instructa
852 4885 978 4966 classe,
1006 4897 1042 4952 et
1059 4907 1144 4953 con·
1195 4881 1359 4952 Paraites
1392 4877 1602 4953 Methonam
1637 4880 1784 4954 Venetis
1818 4880 1955 4972 ingenti
1991 4882 2186 4950 certamine

153 4985 276 5055 tractis
307 4986 420 5079 copiis
445 4983 579 5055 traiicit
599 4984 638 5054 in
660 4983 820 5070 ltaliam,
859 4999 895 5056 et
921 4986 1143 5080 oppugnavit
1197 4985 1340 5078 eripuit.
1425 5032 1429 5044 ·

150 5084 402 5181 Hydruntem,
441 5112 484 5158 ac
508 5100 649 5160 tantum
673 5088 820 5160 terroris
839 5086 963 5159 ltaliae
985 5089 1143 5173 incussit,
1297 5087 1397 5181 Quid
1413 5113 1511 5159 nunc
1524 5087 1734 5182 Selymum?
1760 5111 1883 5159 nonne
1903 5085 2031 5157 videtis
2048 5086 2187 5155 domita

152 5198 194 5261 ut
204 5187 280 5259 iam
295 5189 483 5262 Romanus
497 5192 666 5262 Pontifex
681 5194 803 5284 fugam
823 5204 987 5284 pararet;
1021 5192 1143 5262 omnia
1195 5191 1300 5285 Syria
1320 5204 1355 5260 et
1369 5192 1554 5285 Aegypto,
1579 5192 1785 5283 Hungariae
1801 5188 2034 5285 audacissime
2051 5189 2186 5259 bellurn

150 5304 257 5365 erant
275 5292 314 5363 in
335 5291 436 5365 ltalia
459 5307 494 5364 et
511 5295 629 5367 Gallia
651 5296 828 5367 bellorum
845 5296 966 5389 plena.
1003 5294 1143 5366 Deinde
1196 5293 1406 5365 inferre?a
1386 5320 1500 5390 aqua
1516 5296 1586 5367 nisi
1602 5321 1682 5365 eum
1699 5294 1931 5388 depellimus,
1957 5315 2065 5387 quam
2082 5290 2186 5359 facile

151 5419 229 5466 non
243 5397 362 5470 solum
379 5397 630 5469 Turcamm
595 5423 707 5484 vires,
732 5401 794 5472 sed
816 5401 931 5471 multo
953 5400 1066 5492 magis
1080 5400 1145 5470 du·
1196 5439 1290 5449 ---

152 5498 205 5571 cit
223 5500 449 5584 felicitatem,
486 5501 672 5574 scientiam
692 5504 747 5573 rei
771 5503 959 5588 militaris,
996 5501 1145 5595 vigilan·
1228 5492 1392 5615 &vfffissffl
1417 5492 1460 5544 ’46
1478 5498 1554 5544 mit
1572 5491 1658 5545 9669·
1677 5491 1770 5556 4669·
1797 5489 1890 5550 4694·
1916 5486 2009 5549 4694·
2040 5484 2090 5534 94
2109 5482 2185 5541 ¹⁵⁷²

152 5601 241 5687 tiam
264 5616 301 5673 et
325 5604 565 5689 celeritatem,
599 5606 724 5679 omnes
744 5619 911 5704 gentes
891 5606 1148 5679 formidabant.
1228 5636 1262 5695 a)
1280 5633 1401 5697 ιιιςιιι]
1417 5631 1468 5683 ιιι.
1487 5630 1564 5683 tm.
1582 5632 1670 5682 nte.
1694 5626 1804 5691 auquor

196 5719 380 5789 Ιιιιιιιιι.
400 5721 507 5812 Oen.
531 5721 618 5788 Von
638 5723 712 5788 ΧΧ,
1576 5701 1627 5771 ⁸⁰
