5125 6525
280 426 336 498 77

288 622 349 669 ma
365 609 438 678 est,
465 597 637 690 adquam
656 608 782 685 suapte
799 608 927 666 natura
952 595 1108 666 ducitur.
1168 600 1287 666 Suave

289 701 401 792 igitur
417 698 603 768 Musarum
623 722 769 767 carmen
792 711 864 780 est,
893 697 1066 791 quoniam
1091 697 1189 780 fluit,
1217 694 1287 768 hnc

289 816 364 885 est,
388 827 451 872 sua
469 802 579 892 ipsius
596 813 725 892 sponte
743 800 917 894 sequitur.
975 798 1155 871 Homerus
1178 813 1285 891 poeta

288 906 477 980 Nestorem
496 904 671 992 insignem
690 918 870 972 oratorem
884 903 1139 994 descripturus,
1155 903 1286 995 inquit,

209 1087 215 1098 ‚
287 1002 504 1107 [letata]
524 1011 594 1077 τοῦ
608 1002 672 1078 καὶ
687 1001 761 1078 ἀπὸ
776 999 947 1104 γλαίσσης
960 1004 1105 1099 μέλιτος
1118 1002 1286 1104 γλυκίων

287 1108 369 1206 ῥέεν
386 1103 497 1202 αἰδή.
533 1108 642 1178 Cuius
659 1111 703 1177 ab
720 1132 782 1177 ore
800 1108 880 1178 fluit
893 1133 984 1192 vox,
1010 1110 1114 1177 melle
1132 1108 1285 1202 liquenti

289 1207 443 1282 dulcior.
496 1212 656 1279 Tantum
676 1212 803 1292 refert,
830 1213 929 1304 quod
952 1223 1094 1281 acturus
1115 1210 1182 1292 sis,
1208 1235 1285 1279 non

290 1326 517 1406 repugnante
549 1314 737 1396 Minerva,
777 1326 816 1381 ut
848 1339 927 1383 cum
960 1313 1113 1381 Horatio
1141 1314 1284 1406 loquar,

290 1409 413 1488 obeas.
461 1417 557 1486 'l'um
573 1441 660 1485 vero
676 1416 861 1486 indefesse.
904 1416 997 1487 Nam
1012 1416 1097 1510 quid
1118 1416 1281 1485 omnium

291 1520 390 1612 quod
406 1530 442 1588 et
457 1520 577 1588 minus
593 1520 781 1589 molestum
799 1519 864 1600 sit,
890 1532 925 1587 et
942 1521 1201 1610 contendamus
1227 1542 1284 1588 at-

291 1620 454 1704 dentius,
481 1644 590 1715 quam
608 1622 643 1689 id
660 1622 759 1691 cuius
776 1622 906 1691 insevit
920 1623 1025 1692 nobis
1039 1645 1201 1690 amorem
1218 1645 1282 1692 ua-

291 1736 386 1793 tura.

394 1819 506 1917 ἡδύς,
533 1819 675 1917 ἡδίων,
699 1819 861 1918 ἥδιστος.
916 1825 973 1894 Sic
999 1818 1158 1924 γλυκύς,
1190 1829 1282 1923 γλυ-

292 1919 408 2010 κίων,
451 1922 658 2025 γλάκιοτος.
736 1924 940 1996 Declinatio
970 1930 1009 1995 in
1040 1926 1282 2009 Heteroclitis,

291 2026 410 2096 Motio
426 2028 463 2095 in
480 2028 593 2118 capite
609 2028 767 2098 nominis
782 2044 892 2120 patet.

385 2126 485 2201 Ἄδω
512 2154 624 2214 cano,
658 2125 755 2225 αὐδή
784 2156 948 2216 carmen,
981 2143 1017 2200 et
1038 2133 1187 2221 prolatis
1211 2132 1280 2225 syl-

289 2230 381 2302 labis
397 2226 528 2326 ἀοιδή,
555 2258 685 2327 εφοο,
711 2235 824 2305 reciso
848 2262 891 2319 α,
925 2237 963 2304 tit
986 2231 1067 2332 ᾠδή
1093 2260 1159 2325 pro
1183 2226 1279 2340 ολδῃί.

289 2329 383 2402 Hinc
398 2348 451 2433 est
474 2336 755 2427 compositorum
781 2363 895 2429 prope
920 2338 1031 2404 nimia
1057 2338 1182 2429 copia,
1206 2361 1280 2407 κω-

220 2491 226 2504 .
287 2432 416 2530 μιρδία
431 2461 578 2536 carmen
593 2439 662 2506 ioci
681 2440 899 2521 convivalis,
922 2433 1117 2534 τραγῳδία
1135 2460 1279 2507 carmen

288 2538 464 2629 tragicum
476 2535 546 2609 'ete
598 2539 746 2607 Declina
765 2536 862 2633 αὐδή
877 2540 967 2608 sicut
982 2543 1120 2630 μοῦσα.

387 2652 499 2745 Ῥέω,
524 2658 695 2738 verbum,
721 2656 808 2724 fluo.

386 2749 626 2846 Ἀκάματσν,
658 2757 872 2825 adieetivum
890 2756 1051 2824 adverbii
1070 2757 1182 2826 vicem
1199 2759 1279 2825 fun·

282 2883 393 2951 gens,
434 2881 510 2923 non
531 2859 729 2940 laboriose,
765 2858 956 2939 indefesse,
993 2860 1037 2925 ab
1062 2884 1087 2929 α
1110 2860 1279 2949 privandi

284 2972 386 3042 nota,
413 2971 447 3026 et
462 2952 598 3051 κάμνω
613 2961 752 3040 laboro,
779 2961 963 3053 quomodo
983 2984 1002 3027 a
1021 2954 1193 3055 κάματον
1206 2964 1279 3030 for·

286 3075 423 3130 matum
441 3060 505 3143 sit,
532 3061 625 3129 intra
649 3064 692 3131 de
716 3062 918 3132 verbalibus
940 3063 1045 3153 leges.
1098 3063 1278 3135 Homerus

286 3160 483 3256 ἀκάματον
499 3168 575 3257 πῦρ
591 3189 659 3255 pro
677 3162 878 3233 vehementi
897 3166 978 3255 igne
995 3166 1086 3235 dixit
1105 3191 1147 3246 ac
1168 3192 1277 3258 supra

285 3269 436 3337 modum
466 3266 719 3339 effervescenti.
785 3268 876 3338 Sunt
912 3281 947 3338 et
975 3270 1066 3338 aliae
1100 3275 1275 3364 quaedam

258 3442 261 3446 ,
287 3369 504 3460 particulae,
543 3365 674 3463 'quibus
699 3374 795 3465 quod
823 3373 911 3440 citra
933 3373 1095 3440 lahorem
1120 3374 1278 3469 bt„3.,de·

209 3524 212 3528 »
286 3472 493 3555 scribimus,
520 3486 559 3541 ut
576 3470 758 3570 ἀνιδρωτί
764 3526 777 3566 ,
808 3476 895 3543 citra
912 3477 1094 3544 sudorem.

381 3588 443 3665 Ἐκ
458 3590 669 3684 στομάτων.
701 3590 744 3664 τὸ
761 3591 903 3686 στόμα,
937 3590 1144 3685 στόματος,
1180 3593 1275 3665 Neu-

290 3708 387 3764 trum
406 3696 551 3789 quintae
569 3696 818 3767 declinationis
834 3695 1062 3787 simplicium.

387 3792 507 3870 τῶνδε
528 3801 799 3868 demonstrativi
822 3799 1052 3890 pronominis,
1071 3798 1277 3888 significan-

283 3899 334 3969 tia
358 3911 429 3982 est,
468 3900 601 3993 quippe
624 3902 842 3992 compositus
868 3901 1036 3971 articulus
1059 3901 1276 3992 praepositi-
1299 3989 1305 4003 ⁸

262 4014 368 4085 ἀπ,
391 3996 476 4086 ὅδε,
503 3998 589 4095 ἥδε,
614 3998 713 4077 τάδε.

354 4148 357 4153 ’
381 4134 460 4231 (Vs.
477 4133 557 4231 40.)
590 4140 629 4210 Γ
625 4141 688 4232 ελᾷ
708 4132 754 4210 δέ
764 4164 804 4209 τε
826 4132 984 4230 δώματα
1012 4138 1168 4229 templa,
1203 4133 1275 4210 dni-

200 4246 204 4251 ’
273 4262 353 4332 μα,
388 4235 565 4331 δώματος
588 4237 854 4324 exhilarantur,
893 4244 984 4339 γελᾷ
1017 4264 1189 4331 praesens
1222 4253 1275 4310 est

276 4343 397 4411 neutri
421 4343 523 4411 verbi
546 4337 688 4441 ysicius,
728 4345 850 4425 rideo,
893 4344 1035 4412 numeri
1069 4343 1274 4432 singularis.

276 4443 403 4515 Solent
424 4446 523 4514 enim
552 4445 700 4530 Graeci,
732 4447 929 4516 Ammonio
952 4459 1101 4529 autore,
1135 4446 1273 4516 neutris

276 4547 440 4639 pluribus
456 4551 544 4616 dare
560 4549 751 4639 singularia
773 4551 948 4640 apposita.

375 4682 454 4775 (Vs.
469 4680 549 4772 41.)
577 4680 697 4775 Ζηνός
712 4708 731 4751 a
746 4681 860 4774 Ζειίς,
888 4694 927 4751 ut
943 4707 1067 4773 snpra.

375 4780 611 4885 ἐριγδούποιο
626 4786 801 4867 tonantis,
828 4787 873 4853 ab
893 4783 947 4878 ἕρι
972 4786 1134 4876 augendi
1160 4785 1268 4877 parti-

269 4886 349 4957 cula
376 4888 626 4979 componitur,
653 4903 688 4958 et
712 4885 851 4968 δοῦπος
871 4887 1020 4958 sonitus.
1086 4888 1179 4961 Nam
1201 4887 1268 4958 sul-

268 4989 410 5059 minum
430 5003 536 5061 antor
549 4988 684 5081 Iupiter
700 5003 762 5061 est.
817 4985 1034 5083 ἐρίδσυπος,
1056 5017 1082 5088 γ
1109 4991 1268 5081 interpo-

810 425 934 500 xnv.
989 425 1319 504 aaauuarrca
1351 429 1546 505 aarum
1578 403 1806 507 tarnem

1443 595 1562 687 θεᾶν,
1590 598 1720 689 aare,
1746 623 1814 689 pro
1828 598 1953 693 θεῶν,
1980 606 2158 691 genitivos
2181 611 2330 698 pluralis

1339 711 1410 781 est,
1438 699 1517 766 vide
1535 704 1675 792 μοῦσα.

1440 798 1504 872 ὄπί
1521 804 1616 872 acuit
1632 803 1810 886 ultimam,
1838 819 1890 874 est
1904 808 1998 875 enim
2018 809 2186 902 obliquus
2201 836 2330 882 mono·

1338 903 1465 995 syllabi
1483 904 1576 972 acuti
1596 903 1669 999 ὅιγ,
1697 930 1777 976 vox.
1835 906 1985 978 Declina
2003 904 2026 1003 ἡ
2043 909 2115 1006 dp,
2146 917 2210 1007 τῆς
2227 911 2329 1006 ὀπός,

1336 1009 1383 1099 τῇ
1399 1001 1483 1090 ὀπί,
1509 1001 1579 1098 τὴν
1594 1004 1904 1096 ὅπαοοοοειοιίνοε
1922 1015 2146 1103 penacuitur.
2196 1016 2289 1086 Nam
2308 1042 2329 1085 e

1337 1109 1457 1197 regula
1473 1108 1699 1199 excipiuntur
1714 1114 1904 1181 accusativi
1923 1139 2046 1184 omnes
2063 1129 2098 1184 et
2113 1118 2329 1188 nominativi

1337 1210 1459 1278 duales
1476 1223 1510 1276 et
1525 1210 1700 1299 plurales,
1728 1226 1767 1282 ut
1777 1212 1878 1309 χείρ,
1902 1215 2045 1313 χειρός,
2067 1215 2185 1313 χειρί,
2206 1221 2328 1315 χεῖρα.
2387 1261 2393 1271 ·

1336 1311 1386 1381 sie
1404 1313 1447 1380 de
1466 1312 1662 1399 similibus,
1688 1307 1811 1411 ὦόομ,
1835 1314 1883 1389 τὰ
1899 1318 1983 1410 ὄπι,
2009 1320 2096 1392 ταῖν
2118 1318 2247 1412 ὀποῖν,
2272 1346 2327 1391 re·
2376 1371 2382 1384 .
2432 1381 2435 1394 .

1336 1414 1432 1508 liqna
1451 1426 1609 1504 praestat
1626 1417 1803 1506 analogia.

1438 1514 1638 1609 λειριοέσσῃ
1658 1519 1871 1590 adiectivum
1898 1524 2135 1593 foemininum
2158 1537 2324 1594 movetur
2376 1555 2378 1559 ·

1335 1612 1533 1713 distorsisse
1547 1618 1699 1701 florens,
1725 1627 1794 1693 τοῦ
1816 1618 2032 1717 λειριόεντος
2054 1627 2201 1719 quintae
2218 1627 2327 1696 deeli-

1335 1732 1409 1789 nat.
1425 1719 1543 1810 simpl.
1584 1716 1846 1819 ἠλειριόεσσα,
1879 1730 1943 1820 τῆς
1966 1724 2186 1822 λειριοέσσης
2202 1753 2324 1797 seeun-

1334 1820 1412 1891 dae]
1447 1817 1490 1892 τὸ
1510 1820 1681 1915 λειριόεν,
1707 1830 1776 1897 τοῦ
1791 1821 2008 1923 λειριόεντος
2022 1828 2181 1922 quintae.

1435 1921 1531 2013 Ergo
1557 1920 1621 1995 ὀπὶ
1647 1925 1849 2023 λειριοέσσῃ
1872 1926 2118 2024 σκιδναμένῃ,
2144 1953 2232 2025 vote
2257 1930 2322 1999 flo-

1334 2024 1427 2094 renti
1444 2026 1576 2107 lracta,
1604 2028 1717 2096 dativi
1734 2045 1818 2101 sunt
1834 2033 1889 2099 vel
1910 2034 1999 2101 sexti
2017 2058 2136 2116 casus,
2162 2029 2323 2128 λειριόεις

1325 2128 1642 2197 ‘denominativum
1674 2134 1814 2222 copiam
1844 2134 2043 2225 significare
2068 2135 2229 2217 videtur,
2262 2146 2325 2204 aut
2364 2223 2366 2228 ,

1333 2232 1623 2314 similitudinem,
1651 2233 1820 2318 floridus,
1848 2262 1867 2304 a
1892 2234 2048 2334 λείριον,
2076 2263 2148 2332 qno
2173 2235 2322 2306 nomine

1333 2334 1478 2423 proprie
1495 2334 1652 2404 Narcissi
1669 2336 1794 2406 florem
1816 2339 2008 2430 significari
2024 2341 2136 2410 aiunt.

1434 2468 1511 2559 (Vs.
1536 2466 1615 2566 (λλ.)
1652 2467 1903 2567 σκιδναμένῃ,
1938 2476 2109 2565 dispersa.
2169 2473 2321 2545 Dativus

1333 2583 1394 2639 est.
1448 2569 1617 2639 Movetur
1633 2567 1896 2664 σκιδνάμενος,
1924 2602 1988 2669 νη,
2014 2602 2096 2649 νον.
2150 2576 2244 2646 Nota
2267 2588 2319 2647 est

1332 2671 1494 2739 declina
1515 2673 1622 2740 verbo
1639 2670 1844 2767 σκίδναμαι
1862 2701 2029 2767 spargor,
2053 2690 2094 2745 ut
2111 2678 2219 2746 infra.

1434 2772 1516 2866 ἠχεῖ
1525 2788 1648 2858 sonat,
1672 2778 1716 2843 ab
1734 2774 1831 2870 ἠχώ,
1856 2780 1959 2847 tertia
1978 2803 2132 2870 persona
2156 2802 2322 2870 praesen·

1331 2874 1393 2952 tis;
1421 2870 1504 2943 hinc
1521 2873 1621 2969 ἠχώ,
1649 2874 1756 2961 echo,
1785 2880 1984 2948 derivatum
2004 2893 2066 2951 est.

1431 2974 1557 3072 Κάρη,
1592 2980 1813 3074 frequentius
1837 2996 1889 3051 est
1912 2982 2027 3080 κάρα,
2071 2995 2197 3074 caput;
2238 3005 2323 3072 pro-

1332 3078 1463 3147 miscue
1495 3081 1714 3165 declinatur,
1752 3078 1917 3181 ῆκάρα,
1961 3083 2179 3181 τῆςκάρας,
2219 3095 2254 3152 et
2276 3081 2321 3155 τὸ

1329 3178 1445 3275 κάρα,
1470 3186 1539 3253 τοῦ
1554 3177 1717 3278 κάρατος
1733 3209 1752 3251 a
1771 3180 1958 3280 κάρανον,
1991 3201 2026 3254 et
2040 3183 2084 3256 τὸ
2101 3181 2219 3279 κάρη,
2250 3188 2321 3255 τοῦ

1329 3282 1534 3377 καρτζατος,
1561 3298 1596 3353 et
1610 3282 1633 3378 ἡ
1649 3282 1765 3381 κάρη,
1791 3292 1856 3379 τῆς
1870 3286 1995 3381 κάρης.
2058 3282 2317 3355 Callimachus:

1322 3383 1472 3481 ’Ἁρτεμι
1488 3385 1557 3477 σήν
1569 3413 1609 3456 τε
1623 3385 1745 3481 καρὴν
1762 3386 1914 3478 ὤμοσα,
1940 3386 2008 3459 σόν
2021 3414 2061 3459 τε
2076 3383 2178 3480 βίον.Ι

1431 3479 1636 3580 Νιφόεντος
1663 3508 1682 3554 a
1707 3483 1868 3583 νιφόεις,
1905 3515 2008 3557 move
2033 3491 2124 3558 sicut
2144 3485 2317 3583 λειριόεις,

1329 3588 1485 3656 nivalem
1511 3588 1694 3678 significat.
1763 3589 1820 3659 Sic
1847 3592 2042 3683 Olympum
2074 3590 2319 3681 cognominat,
2373 3672 2378 3681 Ι

1329 3689 1403 3759 sive
1428 3691 1526 3782 φοοδ
1549 3691 1649 3761 nives
1671 3693 1855 3775 demittat,
1892 3694 1966 3763 sive
1992 3696 2131 3788 quode
2154 3692 2253 3763 tenui
2277 3717 2320 3760 ae

1329 3793 1466 3860 nivium
1484 3792 1591 3862 simili
1608 3795 1757 3863 materia
1774 3795 1839 3876 sit,
1867 3792 1960 3876 ὅλως
1985 3789 2153 3890 λαμπρός
2174 3794 2320 3879 scilicet,

1329 3920 1420 3987 quae
1447 3895 1696 3986 interpretatio
1722 3897 1911 3967 videbatur
1939 3899 2186 3989 adiungenda,
2220 3898 2318 3990 qnod

1329 3997 1494 4088 ambigua
1515 3999 1561 4066 sit
1577 3998 1789 4088 significatio
1806 4006 1876 4073 τοῦ
1891 3995 2104 4097 νιφόεντος,
2128 4011 2219 4069 utet
2236 3998 2319 4067 reli·

1329 4124 1483 4194 quorum
1501 4095 1606 4170 huius
1624 4103 1762 4170 sorrrrae
1780 4102 1816 4168 in
1836 4129 1896 4183 εις.

1429 4234 1506 4330 (Vs.
1522 4234 1603 4331 43.)
1628 4233 1716 4309 At'd'
1734 4235 1928 4333 ἄμβροτον
1942 4237 2061 4310 ὄσσαν
2075 4236 2196 4309 ἱεῖσαι.
2242 4234 2319 4305 Hae

1327 4339 1531 4407 immortale
1553 4363 1699 4407 carmen
1727 4344 1881 4409 edentes.
1941 4341 2045 4408 Unae
2066 4338 2318 4407 immortalita-

1327 4455 1396 4511 tem
1422 4441 1545 4511 Mnsae
1570 4443 1719 4532 pariunt
1747 4441 1952 4510 hominibus
1978 4442 2018 4513 ἐκ
2040 4436 2115 4539 γάρ
2134 4433 2317 4532 μουσάων

1324 4543 1427 4625 κλέος
1455 4542 1672 4639 ἄμβροτον,
1719 4559 1757 4614 nt
1778 4542 1991 4613 Theocritus
2021 4545 2095 4626 ait,
2137 4539 2161 4613 ἃ
2188 4542 2319 4633 privat,

1323 4639 1461 4742 βροτός
1476 4647 1648 4716 mortalis.

1425 4743 1509 4834 ἱείς,
1536 4744 1651 4834 ἱεῖσα,
1687 4746 1743 4820 ίίν
1763 4747 1990 4839 participium
2017 4749 2061 4815 ab
2083 4745 2186 4840 ίημι,
2218 4747 2318 4816 utin

1325 4852 1442 4922 verbis
1460 4876 1594 4921 cernes.

1398 4987 1478 5080 (Vs.
1490 4986 1567 5085 44.)
1590 4987 1696 5060 θεῶν
1713 4986 1821 5087 γένος
1836 4982 1995 5077 αἰδοῖον,
2012 4990 2161 5079 πρῶτον
2173 4982 2317 5060 κλείου·

264 5088 372 5159 nitur
409 5094 561 5183 angendi
595 5094 766 5185 temporis
794 5092 920 5182 gratia.
975 5088 995 5162 d
1026 5090 1270 5192 ἐρίγδουπος,
1324 5111 1383 5165 σιν
1402 5086 1523 5185 ἀοιδῇ.
1575 5092 1734 5160 Scande:
1772 5092 1876 5163 θεῶν
1898 5086 2006 5188 γένος
2030 5090 2068 5156 in
2091 5090 2223 5181 dactyli
2247 5112 2315 5158 nu·

262 5191 581 5291 τοῦίριγδοάπου
600 5192 666 5268 καί
685 5191 918 5293 ἐριγδούποιο
940 5191 1079 5278 ionice,
1120 5220 1275 5290 quoge-
1322 5218 1460 5263 merum
1486 5195 1649 5275 redacto,
1695 5193 1798 5267 θεῶν
1821 5197 1909 5263 duas
1934 5192 2088 5284 syllabas
2121 5216 2192 5261 una
2218 5215 2315 5259 com-

264 5294 389 5365 nitivo
406 5294 463 5369 hic
478 5298 654 5371 Hesiodus
669 5302 793 5371 utitur.
842 5296 1266 5388 Hicobservabisparti-
1323 5298 1487 5386 plectere,
1502 5309 1542 5365 nt
1558 5299 1654 5387 apud
1668 5297 1865 5367 Hdmernm
1883 5293 1942 5395 [ll.
1958 5291 1985 5378 l,
2004 5289 2070 5392 l.],
2087 5297 2199 5387 μῆνιν
2218 5287 2316 5365 ἄειδε

263 5398 365 5470 aulas
397 5403 472 5471 sola
505 5402 766 5493 compositione
796 5413 1005 5491 usurpatas,
1045 5399 1125 5493 lpr,
1162 5395 1209 5487 ζα
1236 5414 1272 5469 et
1323 5396 1396 5470 θεά
1412 5396 1649 5494 Πηληϊάδεω,
1682 5425 1749 5491 pro
1766 5395 1984 5495 Πηληϊάδω,
2010 5399 2159 5489 perinde
2176 5419 2216 5463 ac
2232 5395 2316 5464 elisa

264 5499 401 5575 similes
418 5499 617 5604 ἐριθάλλης
634 5509 828 5577 admodum
844 5504 994 5588 florens,
1018 5496 1161 5592 ζάθεσς
1179 5503 1271 5573 divi·
1320 5504 1446 5572 vocali.
1501 5504 1592 5574 Nam
1629 5507 1734 5593 longa
1759 5505 1904 5573 brevem
1930 5502 2105 5594 concipit,
2140 5496 2318 5569 etHesio·

262 5626 333 5690 nus
349 5619 416 5677 etc.
1192 5628 1197 5636 ·
1319 5606 1403 5688 dns,
1436 5607 1515 5699 (λεῖα
1536 5601 1608 5700 μὲν
1638 5603 1715 5705 γὰρ
1735 5600 1879 5702 βριάει,
1913 5603 2015 5696 quasi
2038 5606 2135 5701 legas
2155 5622 2210 5699 ρει
2232 5621 2317 5692 μεν,

1547 5806 1683 5857 '-l
