5125 6525
124 267 215 386 aaa
296 287 306 295 ·
360 365 361 369 .
605 249 626 326 s
660 301 783 378 xcrv.
836 298 1164 377 cannatum
1198 303 1395 377 armet
1425 303 1655 379 narem.
1840 399 1843 404 ,
2105 311 2178 386 tao

133 480 296 559 Perinde
318 501 360 548 ae
382 479 413 549 si
435 475 564 547 Latine
587 476 701 548 dicas:
736 498 802 567 per
822 487 876 557 te,
902 498 988 566 per,
1015 474 1078 568 qui
1098 487 1133 545 te
1188 474 1293 576 παρὰ
1308 472 1455 571 κυρίου.
1517 477 1701 547 Auxilium
1719 498 1839 549 meum
1865 502 1885 548 a
1912 480 2073 553 domino.
2124 486 2182 557 Sic

135 586 246 659 talem
264 604 425 675 genuere
435 592 613 673 parentes.
664 577 752 649 ltem
773 600 921 663 σονιιιιι,
946 573 1039 673 πρὸς
1058 581 1136 651 τῶν
1187 583 1293 655 Plato
1310 582 1348 650 in
1362 575 1547 649 Phaedro:
1575 576 1678 676 παρὰ
1690 577 1861 673 Λυσίου,
1887 574 2148 679 exasperes.

138 680 372 776 ίιυσιιύπονν,
406 708 527 753 coram
551 681 750 775 Episcopis.
803 680 852 750 Et
877 679 1055 764 officium,
1090 677 1136 752 ου’
1291 684 1369 754 Hac
1397 684 1482 753 item
1515 684 1782 773 praepositione
1810 686 1992 776 passivum
2028 691 2180 759 verbum

136 788 234 890 πρὸς
248 784 460 888 φιλοσόφου
474 782 699 883 φιληδονεῖν.
751 786 836 856 Non
855 797 908 854 est
927 777 1136 876 philosophi
1189 790 1287 860 casui
1307 799 1471 878 aptatur,
1503 799 1544 856 ut
1565 787 1737 857 adversus
1758 786 1966 878 imperitum
1983 787 2182 864 Lucienus:

137 892 317 984 voluptati
334 889 531 982 indulgere.
583 888 801 982 Quanquam
817 881 1076 956 Demosthenes
1096 886 1135 953 in
1187 885 1386 984 ξυλλαβών
1404 885 1451 960 τὰ
1466 891 1536 960 τοῦ
1552 883 1790 962 θουκυιλίδου
1806 886 1878 962 ὅσα
1894 888 1996 982 παρὰ
2019 899 2089 967 τοῦ
2105 899 2183 989 Δη-

140 997 306 1067 oratione
324 1007 449 1064 contra
465 986 679 1064 Aeschinem
699 1005 734 1059 et
747 986 840 1086 πρὸς
856 983 919 1084 ἐμὲ
937 984 1006 1058 hac
1026 988 1135 1079 signi·
1186 990 1419 1087 μοσθένους,
1451 986 1514 1062 καὶ
1539 986 1636 1062 αὐτὰ
1658 984 1806 1073 ὀκτάκις
1826 995 2183 1091 μετεγγεγραμμέγα

137 1099 306 1172 ficatione
320 1109 489 1186 usurpat:
526 1095 643 1163 adme
666 1094 861 1186 pertinens.
912 1090 976 1162 Est
999 1104 1033 1160 et
1055 1092 1135 1160 iun·
1187 1092 1337 1191 εὑρέθη.
1390 1092 1524 1163 Nactus
1540 1088 1775 1187 Thucydidae
1792 1118 1922 1187 opera,
1954 1121 2067 1190 eaque
2089 1111 2182 1192 quae

138 1216 241 1275 ctura
256 1224 378 1283 casus,
414 1199 477 1291 qui
500 1198 643 1288 passivo
660 1196 900 1278 construitur,
927 1187 1136 1290 Σωκράτης
1188 1190 1478 1267 aDemosthene
1504 1196 1613 1268 octies
1634 1198 1811 1289 descripta
1833 1211 1917 1270 sunt
1940 1212 2006 1269 etc.
2064 1202 2181 1293 Signi-

138 1296 302 1404 φιλεῖται
320 1297 413 1398 πρὸς
427 1295 619 1394 δαίμονος.
1187 1302 1270 1369 ficat
1294 1313 1329 1369 et
1349 1321 1466 1391 supro
1488 1298 1636 1388 genitivi
1661 1300 1821 1393 syntaxi,
1849 1314 1890 1369 ut
1912 1296 2001 1382 θεὸς
2023 1308 2093 1376 τοῦ
2116 1330 2182 1394 με·

244 1404 398 1486 Dativo,
439 1427 577 1497 supra,
613 1414 652 1470 ut
681 1400 773 1499 πρὸς
801 1397 947 1480 τούτοις
960 1398 1019 1496 ⁵⁷).
1087 1399 1136 1469 Et
1187 1398 1321 1503 γίστου
1335 1406 1414 1473 τῶν
1428 1396 1608 1496 ἀριθμῶν
1627 1397 1812 1497 ὑπεροχὴ,
1846 1397 1949 1496 παρὰ
1971 1410 2050 1477 τῶν
2070 1404 2182 1505 ἐγγυ-

136 1532 275 1606 prope,
300 1530 409 1605 erqo,
440 1502 533 1601 πρὸς
554 1502 713 1588 ἅπασιν,
744 1498 1017 1573 Demosthenes.
1187 1498 1325 1578 τρίτων.
1379 1504 1511 1585 idest,
1536 1500 1654 1586 Deus,
1688 1504 1837 1571 maximi
1863 1529 2098 1576 numerorum
2123 1534 2181 1577 ex·
2257 1533 2260 1540 ·

244 1608 457 1684 Acmsativo
491 1610 632 1689 iuncta,
679 1621 755 1676 tum
789 1607 933 1675 demum
965 1603 1134 1697 propriae
1189 1633 1305 1679 cessus
1326 1630 1434 1698 supra
1461 1605 1647 1696 proximos
1668 1631 1839 1677 numeros
1862 1620 1925 1677 est.
1975 1604 2181 1700 Athenago-

141 1711 411 1807 significationis
434 1724 505 1795 est,
537 1723 578 1780 ut
595 1709 743 1779 Manuel
760 1708 993 1799 Moscopulus
1016 1731 1135 1798 gram·
1187 1735 1251 1781 rae
1267 1710 1376 1780 verba
1389 1708 1522 1778 suntin
1541 1709 1726 1792 oratione,
1751 1734 1822 1803 qua
1843 1709 1979 1799 legatus
2006 1713 2051 1779 ad
2067 1712 2180 1780 Anto·

142 1818 295 1886 maticus
312 1813 494 1895 omnium,
521 1814 559 1881 ni
574 1814 699 1895 fallor,
726 1812 790 1905 qui
804 1810 990 1901 superiore
1015 1810 1134 1880 seculo
1188 1815 1294 1884 ninos
1313 1812 1481 1882 Caesares
1498 1812 1638 1880 circiter
1656 1836 1790 1882 annum
1815 1811 1938 1881 salutis
1961 1814 2181 1883 instauratae

141 1919 265 1989 literas
290 1917 557 1999 instaurarunt,
591 1917 686 1984 idem
712 1916 819 2004 longe
842 1912 1135 2005 diligentissimus
1189 1913 1420 2011 centesimum
1439 1926 1474 1982 et
1488 1914 1789 2006 septuagesimum
1806 1917 1972 2005 dogmata
1986 1913 2182 1986 Christiani

141 2046 184 2092 ae
201 2021 445 2103 doctissimus,
471 2019 607 2112 inquit:
632 2016 692 2092 ὅτε
707 2012 748 2091 (λε’
773 2013 796 2110 ἡ
819 2013 912 2113 πρὸς
932 2012 979 2089 τὰ
1003 2014 1136 2107 ἑαυτῆς
1187 2018 1345 2089 nominis
1360 2030 1495 2088 tutatus
1511 2030 1574 2088 est.
1627 2018 1710 2109 Quo
1727 2020 1807 2088 loco
1826 2041 1938 2088 unum
1951 2018 2069 2088 Deum
2088 2043 2180 2089 asse·

142 2119 332 2217 σημαίνει,
359 2118 486 2195 καὶού
507 2120 740 2216 λαμβάνεται
762 2117 848 2193 ἀντὶ
871 2117 1016 2214 ἑτέρας,
1048 2114 1132 2211 μετ’
1188 2116 1235 2190 rit
1261 2148 1279 2191 e
1301 2116 1601 2212 philosophorum
1620 2121 1782 2192 decretis.
1834 2119 1936 2188 Hanc
1951 2117 2181 2221 ὑπογραφὴν

141 2227 345 2320 αἰτιατικῆς
370 2222 623 2308 ξυντάοσεται.
687 2223 828 2292 Motum
863 2225 909 2290 ad
941 2244 1133 2312 personam
1187 2223 1278 2307 Dei,
1302 2224 1516 2291 familiarem
1535 2219 1677 2293 scholae
1695 2220 1957 2317 Pythagoricae
1979 2220 2179 2295 ePhilolao

142 2329 335 2419 significat,
359 2328 419 2400 ἰ’θι
439 2323 532 2422 πρὸς
545 2324 614 2399 τὸν
630 2324 816 2421 ἄρχοντα,
844 2324 973 2405 idest,
1000 2324 1045 2389 ad
1059 2345 1135 2389 ma·
1188 2338 1313 2396 testem
1331 2326 1479 2394 unitatis
1493 2324 1560 2393 Dei
1586 2326 1714 2416 allegat
1737 2349 1884 2418 prorsus
1908 2319 2180 2423 αἰνιγματώδη.

141 2430 343 2521 gistratum.
393 2430 468 2500 Nec
484 2431 528 2495 ad
546 2428 639 2497 solas
653 2448 843 2516 personas,
869 2426 929 2493 sed
952 2426 998 2490 ad
1018 2423 1135 2490 inani·
1189 2427 1456 2520 Quamobrem,
1483 2451 1557 2519 quo
1580 2429 1748 2497 studiosis
1773 2429 2001 2516 elegantioris
2023 2425 2183 2520 philoso·
2242 2451 2247 2456 ·

140 2546 262 2615 mata,
288 2528 381 2624 πρὸς
396 2525 624 2624 περίπατον,
650 2528 767 2595 Plato.
808 2526 1013 2598 Adversum
1027 2524 1135 2616 signi·
1188 2524 1295 2621 phiae
1321 2540 1462 2618 gratum
1486 2528 1635 2611 faciam,
1668 2554 1836 2620 scrupum
1861 2530 2011 2599 solvam.
2069 2526 2181 2623 quue

139 2636 248 2716 fleat,
270 2630 415 2703 Γὸτθθι
435 2629 634 2721 πολεμοῦσι
651 2624 743 2725 πρὸς
752 2623 980 2721 Ῥωμαίους,
1009 2622 1136 2698 Gotlhl
1189 2633 1246 2701 vel
1275 2631 1430 2699 maxime
1453 2630 1657 2700 oblectandi
1677 2631 1859 2701 Francisci
1883 2631 2045 2701 Stadiani
2074 2630 2183 2700 amici
2239 2659 2254 2690 κ

138 2736 277 2804 bellum
298 2757 377 2802 cum
391 2731 568 2801 Romanis
582 2744 721 2822 gerunt.
757 2730 847 2799 Tale
866 2743 917 2801 est
932 2724 1025 2822 πρὸς
1036 2726 1136 2825 κάρα
1187 2734 1304 2805 nostri
1332 2732 1464 2803 summi
1494 2734 1630 2823 gratia,
1664 2736 1741 2818 cui,
1778 2746 1819 2803 ut
1849 2746 1902 2804 est
1931 2730 2182 2826 philosophiae
2210 2739 2264 2844 ,gl

139 2832 280 2931 κύριζε.
318 2833 444 2925 Neque
460 2857 547 2902 vero
564 2848 702 2903 motum
720 2832 895 2921 significat
910 2833 1046 2915 solum,
1072 2832 1136 2902 sed
1189 2837 1308 2907 omnis
1328 2858 1444 2904 novae
1468 2859 1510 2903 ac
1533 2837 1661 2906 veteris
1684 2839 1797 2929 probe
1817 2833 1973 2928 peritus,
2014 2838 2059 2905 ad
2092 2833 2181 2906 haec

142 2951 180 3009 et
200 2938 378 3031 quietem,
404 2936 441 3003 id
463 2948 535 3017 est,
562 2960 635 3006 esse
661 2935 798 3028 aliquid
821 2936 859 3003 in
882 2936 984 3017 loco,
1009 2930 1136 3003 habet·
1188 2936 1427 3029 Theologicas
1449 2938 1571 3009 literas
1591 2937 1660 3013 τὸν
1686 2943 1782 3012 νοῦν
1807 2936 2181 3031 κατασκευασάμενος

141 3065 214 3135 que
230 3034 435 3130 emphasin,
461 3037 575 3131 apud.
626 3036 808 3107 Lucianus
829 3037 1025 3131 inlecno:
1062 3060 1134 3109 σει·
1188 3054 1308 3113 sancte
1333 3041 1558 3132 complexus,
1585 3066 1624 3110 ea
1642 3039 1870 3135 Pythagorae
1891 3043 2068 3112 sententia
2088 3042 2180 3110 mire

143 3136 342 3240 ρῆιαςμίι
358 3137 453 3215 εἶναι
472 3138 565 3236 πρὸς
589 3134 747 3232 αὐτούς,
774 3114 918 3210 similos
943 3165 1018 3211 esse
1038 3140 1135 3231 apud
1187 3144 1337 3237 probari
1352 3144 1453 3214 solet.
1505 3143 1570 3214 Est
1585 3158 1704 3215 autern
1725 3164 1865 3214 summa
1889 3144 1954 3213 rei.
2004 3141 2102 3213 Deus
2123 3166 2181 3212 ex·

143 3270 217 3316 eos.
265 3243 313 3315 Et
328 3238 420 3340 πρὸς
435 3248 537 3337 σῆμα
553 3247 738 3341 μητρυιᾶς
759 3239 912 3330 κλαίεις,
937 3243 1046 3336 Apud
1070 3267 1136 3315 no·
1189 3274 1305 3320 cessus
1320 3260 1392 3329 est,
1418 3272 1491 3339 quo
1513 3247 1691 3315 maximus
1711 3270 1903 3330 numerus,
1937 3246 2106 3316 denarius
2128 3246 2182 3313 vi-

142 3371 269 3418 vercae
283 3347 461 3418 tumulum
480 3348 614 3439 ploras.
665 3345 908 3417 Imitationem
932 3348 1069 3437 signat,
1095 3357 1137 3415 ut
1189 3352 1335 3433 delicet,
1361 3349 1565 3439 proximum
1585 3349 1777 3416 nonarium
1796 3360 1960 3440 superat,
1987 3348 2098 3416 vincit
2114 3370 2179 3416 no-

142 3447 236 3548 πρὸς
249 3445 396 3547 μύρτον
410 3445 537 3545 ᾄδειν,
563 3445 656 3544 πρὸς
669 3446 888 3545 κλεψύδραν
906 3446 1038 3546 λέγειν.
1072 3445 1137 3517 Est
1188 3452 1331 3522 narium
1348 3451 1486 3521 unitate
1502 3449 1682 3521 denarius.
1733 3449 1832 3519 Deus
1855 3450 1965 3541 igitur
1980 3451 2099 3520 unitas
2116 3462 2181 3532 est,

143 3554 327 3627 eGraecis
345 3553 524 3647 quispiam
540 3575 615 3619 non
637 3550 806 3641 ignobilis
824 3563 948 3635 autor,
975 3550 1038 3644 qui
1059 3574 1136 3618 ma·
1190 3569 1298 3649 atque
1318 3556 1409 3622 adeo
1426 3553 1567 3622 denarii
1590 3554 1729 3638 onitas,
1754 3553 2003 3644 perfectissimi
2025 3553 2181 3635 numeri,

143 3656 383 3752 gnimyslerll
397 3655 478 3724 1000
494 3649 587 3751 πρὸς
601 3651 840 3728 ῐῐῐιὶῑδῑῐοῐιθῑῐι
867 3677 909 3723 at
931 3652 1136 3724 similitudi·
1188 3659 1305 3740 idest,
1331 3670 1482 3726 naturae
1500 3679 1625 3727 omnes
1643 3657 1804 3726 omnium
1823 3657 2083 3748 perfectionum
2099 3679 2179 3748 gra·
2245 3651 2247 3653 ¹

142 3784 227 3831 nem
250 3761 435 3849 designare
453 3768 557 3850 putat
577 3758 674 3847 apud
688 3752 885 3826 Iohannem
913 3752 1064 3854 [1,1.]:
1096 3755 1137 3830 dv
1189 3763 1254 3833 dus
1274 3760 1491 3851 complexae.
1545 3758 1660 3851 Supra
1676 3760 1862 3852 proximos
1880 3784 2070 3843 numeros,
2096 3771 2181 3828 sunt

144 3855 307 3962 ἇρχῇῆν
327 3854 471 3960 ὁλόγος
489 3855 555 3933 καὶ
576 3855 596 3932 ὁ
622 3857 730 3957 λόγος
748 3852 797 3955 ἦν
819 3856 912 3956 πρὸς
935 3856 1005 3933 τὸν
1029 3851 1135 3932 θεόν.
1189 3877 1375 3936 creaturae
1398 3865 1575 3956 quaedam
1600 3860 1735 3944 ελκόνες
1757 3861 1846 3944 Dei,
1879 3859 1943 3934 καὶ
1965 3856 2180 3950 θεοτυπίαι,

142 3965 193 4038 Ει
215 3968 364 4036 verbnm
387 3976 465 4032 erat
483 3963 580 4054 apud
594 3961 732 4046 Deum,
757 3965 906 4033 verbum
928 3962 1060 4054 patris,
1087 3961 1137 4032 ελ·
1190 3991 1280 4062 quae
1300 3965 1405 4036 nobis
1424 3990 1488 4035 ceu
1513 3963 1722 4036 methodum
1745 3968 1920 4058 praebent
1943 3963 2181 4056 cognoscendi

144 4064 241 4146 κύνα
269 4093 344 4140 esse
374 4090 449 4135 non
474 4066 652 4157 spiritum.
716 4064 923 4156 Composita
951 4064 1004 4138 od
1030 4064 1137 4147 valet,
1189 4069 1269 4140 Dei.
1323 4069 1445 4160 Quare
1465 4071 1608 4160 sapiens
1632 4070 1688 4136 vir
1704 4064 1930 4162 Pythagoras
1951 4061 2181 4166 ὑπογραφὴν

146 4196 258 4269 quam
279 4170 444 4266 equidem
462 4169 758 4259 significationem
774 4170 962 4261 propriam
984 4172 1030 4263 τῇ
1045 4162 1138 4262 πρὸς
1189 4171 1484 4262 Deieproximis
1501 4174 1651 4242 denario
1668 4174 1845 4254 numeris,
1872 4171 2003 4253 idest,
2027 4167 2180 4237 esimil-
2219 4237 2227 4247 ,

146 4275 324 4360 arbitror,
350 4275 564 4368 προςιιαλιό,
591 4275 740 4341 advoco.
1189 4275 1285 4345 limis
1302 4273 1445 4342 divinae
1460 4289 1611 4346 naturae
1626 4275 1810 4365 spiritibus
1826 4272 1945 4341 traxit.
1997 4270 2179 4360 Tempero
2296 4358 2298 4361 .

249 4370 360 4476 Πρό,
387 4385 489 4456 ante,
516 4374 674 4444 Genitivi
683 4374 800 4446 solius
815 4387 889 4458 est,
915 4375 984 4444 loci
998 4387 1137 4465 tempo·
1189 4375 1299 4458 mihi,
1324 4401 1370 4445 ne
1387 4378 1526 4469 longius
1544 4391 1640 4447 extra
1656 4389 1754 4469 septa
1772 4372 1914 4457 evehor,
1938 4372 2062 4442 ut'dici
2077 4372 2180 4453 solet,

147 4481 270 4576 risque
295 4494 403 4561 nota,
428 4477 614 4548 Prisciano
641 4490 749 4562 teste,
785 4474 856 4574 πρὸ
881 4472 1019 4572 πύλης,
1052 4487 1137 4544 ante
1190 4483 1308 4575 quod,
1328 4480 1358 4549 si
1375 4480 1455 4572 quis
1471 4477 1561 4548 mihi
1584 4480 1766 4570 continget
1781 4479 1894 4548 lector
1908 4477 2087 4547 studiosus
2102 4498 2179 4566 my-

147 4598 302 4677 Portam·
363 4579 569 4671 C⁰¹¹¹P⁰⁵il³
590 4604 683 4675 Ριαθ
702 4581 896 4672 Significat,
923 4575 1136 4676 προβάλλω,
1189 4583 1381 4656 steriorum
1411 4579 1683 4675 philosophiae,
1723 4580 1810 4651 haec
1839 4605 1907 4672 pro
1937 4580 2081 4671 ingenio
2114 4601 2179 4648 suo

148 4704 356 4782 praepone,
381 4681 592 4779 πρόβλημα.
638 4685 908 4778 Nonnunquam
927 4680 1013 4758 ἀντὶ
1029 4681 1137 4772 signi·
1188 4687 1334 4761 uberius
1352 4697 1445 4775 agat.
1555 4711 1564 4724 ·

149 4791 251 4875 licat,
271 4794 346 4890 γῆν
360 4782 432 4882 πρὸ
446 4791 531 4886 γῆς,
560 4800 691 4856 terram
708 4814 774 4879 pro
791 4801 899 4857 terra.
1291 4787 1424 4856 Dativo
1449 4781 1551 4884 παρά
1575 4788 1814 4870 construitur,
1843 4809 1959 4880 prope
1987 4785 2044 4854 vel
2065 4791 2178 4857 ιὐσια

1189 4891 1411 4984 significans,
1437 4885 1539 4986 παρὰ
1561 4896 1617 4987 τῷ
1638 4886 1757 4987 κυρίῳ
1782 4888 1895 4975 ἔλεος,
1931 4890 2037 4980 Apud
2052 4884 2180 4954 Domi-

1189 5021 1276 5066 num
1291 4994 1551 5064 misericordia.
1603 4992 1783 5063 Locorum
1802 5016 1843 5060 ac
1859 5014 2095 5083 personarum
2116 5001 2180 5069 est,

254 5094 369 5192 Παρά
400 5097 576 5186 genitivo,
616 5093 738 5163 dativo
767 5105 802 5162 et
824 5093 1024 5163 accusativo
1053 5115 1137 5159 con·
1188 5098 1397 5168 Aristoteles
1419 5100 1458 5165 in
1480 5095 1664 5168 Eudemiis
1687 5096 1884 5165 moralibus
1908 5089 2010 5192 παρὰ
2031 5097 2087 5189 τῷ
2100 5090 2182 5187 θεῷ

151 5196 322 5282 struitur,
348 5199 409 5267 sed
433 5198 502 5266 alia
527 5197 797 5289 significatione.
850 5196 1019 5265 Genitivo
1039 5193 1135 5264 idem
1189 5201 1299 5285 dixit,
1325 5225 1412 5292 pro:
1436 5199 1562 5270 aDeo.

152 5304 250 5398 quod
263 5297 357 5394 πρὸς
370 5301 512 5391 signans
528 5302 658 5371 exitum
676 5323 871 5393 apersona‚
887 5292 1048 5394 βοήθειά
1060 5323 1138 5392 μου
1291 5302 1504 5374 Accusativo
1537 5316 1675 5373 motum
1707 5304 1752 5370 ad
1781 5326 1857 5370 rem
1890 5301 2054 5390 signans,
2095 5288 2177 5384 παρ’
2280 5363 2282 5367 .

155 5460 357 5476 -..-....-.
1194 5402 1313 5481 αὐτὸν
1326 5409 1462 5500 ἴωμεν,
1496 5408 1542 5475 ad
1564 5407 1680 5498 ipsum
1706 5430 1839 5474 eamus.
1897 5401 1940 5472 ln
1963 5393 2184 5467 Parmenide
2227 5406 2229 5408 ’

187 5541 235 5601 87)
252 5546 283 5592 ut
300 5538 370 5607 πρὸς
386 5531 504 5604 τούτοις]
524 5537 552 5587 in
570 5538 655 5591 nota.
675 5540 866 5594 tata-fast.
889 5540 999 5594 denunt.
1189 5510 1353 5581 Pldlffllls
1370 5504 1473 5599 παρὰ
1494 5507 1610 5583 πότον
1630 5505 1850 5602 βακχεύειν)
1878 5498 2043 5572 lmanlffl
2063 5504 2109 5570 ad
2123 5514 2189 5586 ΡΨ

231 4959 295 5029 1)ε
322 4959 657 5054 disyllaborum
686 4956 1050 5027 constructione.
1080 5027 1085 5032 ,
