5125 6525
388 457 465 536 299
599 533 601 537 ,
949 452 1073 527 1’1111..
1109 451 1223 526 MEL.
1236 451 1241 463 “
1255 450 1459 525 SCRIPTA
1488 449 1828 525 PHILOLOGICA.
2227 440 2245 462 '
2344 454 2428 525 800

386 654 490 710 nem,
515 639 557 698 ut
578 628 701 716 algeo,
727 626 861 718 frigeo,
888 627 1000 698 caleo.
1053 626 1163 695 Pueri
1186 624 1317 695 diserte
1332 623 1380 721 ⁰⁰)
1432 621 1556 717 Inepte
1571 624 1790 694 addiderunt
1814 624 1938 706 exulo,
1972 622 2007 691 id
2032 622 2128 692 enim
2151 645 2227 691 non
2248 622 2428 715 significat

387 732 579 802 observent
605 728 796 799 discrimen
820 729 980 800 nominis
1004 754 1044 798 ac
1068 728 1180 797 verbi.
1238 728 1382 798 Nomen
1432 727 1606 820 relegari,
1629 729 1692 798 scd
1706 727 1823 797 solum
1838 728 2004 808 vertisse,
2031 737 2067 794 et
2078 725 2195 817 patria
2210 726 2403 823 carere⁷').

385 858 509 905 rerum
532 832 843 914 nomenclaturam
868 832 1046 911 continet;
1088 829 1246 900 Verbum
1271 831 1382 898 actio·
1537 830 1738 900 Commune
1770 852 1881 919 genus
1913 828 2106 897 verborum
2129 828 2168 895 in
2192 851 2235 895 or
2260 830 2428 898 desinen-
2481 895 2484 899 .

337 934 343 944 ’
386 960 469 1006 nem
494 947 529 1004 et
548 935 752 1025 passionem
773 959 853 1005 cum
883 932 1148 1005 discriminibus
1175 945 1382 1025 temporum
1433 933 1547 1016 tium,
1573 956 1666 1023 quae
1679 933 1895 1025 promiscue,
1921 931 2009 1001 olias
2027 930 2154 1014 active,
2181 930 2269 1002 alias
2284 932 2428 1025 passive

371 1042 423 1108 'ct
446 1059 696 1129 personarum.
1433 1036 1653 1126 significant,
1686 1047 1727 1105 ut
1747 1033 1921 1103 criminor
1941 1029 2225 1118 Phormionem,
2251 1034 2428 1105 criminor

1399 1125 1405 1143 ’
1434 1161 1453 1206 a
1478 1134 1713 1208 Phormione.
1774 1134 1975 1207 Discrimen
1995 1136 2265 1228 significationis
2289 1138 2430 1208 indicat

1434 1240 1672 1323 constructio,
1711 1264 1774 1310 seu
1796 1263 1898 1310 casus
1922 1262 2096 1332 personae
2119 1239 2276 1311 adiectus
2300 1242 2429 1314 verbo.

389 1378 392 1384 ⁴
487 1339 907 1409 Verb⁰³tcid1¹nl⁰cl⁰2
934 1336 1244 1429 G²¹¹¹1⁸‚SP0050⁸‚
1270 1337 1382 1405 Tem·
1434 1343 1539 1415 Nunc
1573 1366 1648 1412 non
1682 1344 1731 1412 ita
1767 1344 1879 1413 multa
1915 1366 2148 1414 numeramus
2182 1344 2292 1413 verba
2326 1368 2427 1415 com·

385 1468 465 1536 pus,
491 1441 634 1525 Modus,
660 1441 806 1533 Figura,
830 1441 1005 1525 Persona,
1024 1440 1217 1523 Numerus,
1236 1453 1271 1509 et
1288 1440 1382 1510 Con·
1433 1447 1571 1518 munia,

386 1544 536 1635 iugatio.

746 1202 1031 1276 Accidentia.

1546 1649 1554 1660 ,
1588 1563 1773 1635 criminor
1931 1563 2085 1636 Osculor

681 1682 685 1691 ⁹
788 1693 978 1765 Genera.
1587 1666 1728 1737 Aduloc
1928 1665 2107 1739 Consolor

1588 1769 1760 1840 Fruslror
1929 1768 2071 1863 Dignor

1586 1872 1748 1963 Stipulor
1927 1871 2135 1966 Depeculor
2152 1871 2212 1970 ⁷¹).

1536 1991 1662 2062 Cicero
1680 1986 1902 2081 Interpretor
1926 2003 1961 2060 et
1976 1989 2107 2062 Testor
2128 1989 2268 2083 passiva
2291 1988 2427 2079 signifi·

1433 2093 1573 2164 catione
1605 2120 1689 2165 usus
1715 2106 1786 2175 est,
1826 2104 1862 2161 et
1887 2090 2096 2164 Terentius:
2139 2092 2315 2162 Meditata
2341 2104 2426 2162 sunt

1433 2193 1523 2266 mihi
1550 2196 1693 2281 omnia,
1734 2194 1886 2287 passive.
1952 2193 2001 2265 Et
2026 2194 2423 2286 Ementitum-passiva
2456 2194 2460 2199 ’

1432 2300 1691 2393 significatione
1710 2288 1859 2392 plurimi
1873 2297 2006 2369 dixere.
2045 2296 2227 2367 Venerata
2244 2300 2425 2381 sacerdos,

424 1816 429 1832 ’
488 1831 629 1901 Genera
646 1840 729 1898 sunt
746 1829 1025 1920 significationes
1041 1830 1248 1900 verborum.
1294 1826 1381 1897 lude

386 1934 483 2004 enim
514 1930 680 2021 cognosci
711 1943 849 2022 potest,
891 1933 984 2001 actio
1015 1933 1061 2002 sit
1094 1932 1132 2000 in
1160 1933 1293 2015 verbo,
1334 1955 1381 2000 an

385 2036 517 2129 passio.
1317 2054 1319 2058 ·

487 2136 655 2206 Activum
671 2134 803 2204 desinit
817 2135 856 2203 in
874 2160 917 2218 o,
944 2147 979 2204 et
995 2136 1173 2205 actionem
1193 2135 1381 2235 siguificat,

386 2240 486 2334 quod
508 2239 557 2307 ita
583 2260 674 2329 puer
690 2233 945 2328 deprehendet.
1000 2237 1038 2308 Si
1064 2242 1253 2309 commode
1279 2263 1381 2309 accu-

384 2340 539 2424 sativus,
564 2341 627 2433 qui
651 2363 843 2431 personam
870 2340 1068 2431 significat,
1102 2342 1213 2411 verbo
1237 2341 1381 2410 adiicie·
1580 2404 1588 2421 ,
1635 2403 1670 2419 ,,
2236 2400 2246 2415 .
2398 2400 2409 2417 .

383 2456 467 2527 tur,
503 2443 659 2511 activum
682 2443 810 2523 fuerit,
841 2455 883 2511 ut
898 2441 1061 2513 Verbero
1081 2441 1237 2515 Davum.
1296 2444 1381 2515 Non
1432 2402 1735 2523 apullv¹¹gll¹⁰m
1751 2410 1858 2471 em
1909 2397 2193 2520 lleln’.E.¹per.²⁸
2209 2413 2338 2483 vmm'
2361 2402 2425 2469 δι”

384 2546 482 2615 ωἱω
499 2544 630 2615 dixeris
646 2555 758 2613 recte:
787 2542 896 2614 caleo
915 2544 1075 2615 Davum·
1118 2546 1247 2640 frigeo
1265 2541 1381 2616 Phae·
1433 2508 1515 2577 cub1
1528 2530 1701 2576 mvenras.
1739 2503 1832 2575 Nam
1848 2503 2301 2576 vetustissrmrLatmorum
2318 2504 2425 2594 plura

385 2649 501 2717 grim
1433 2610 1628 2705 aliquando
1655 2608 1764 2677 verba
1794 2607 2012 2700 inutraque
2037 2606 2295 2699 significatione
2320 2628 2424 2677 usur-

505 2698 514 2717 ’
1354 2752 1382 2817 ἰ.
1432 2725 1584 2805 parunt,
1613 2735 1721 2804 quam
1735 2724 1860 2802 postea
1877 2709 1914 2778 in
1932 2735 2000 2781 usu
2011 2712 2122 2780 fuere.
2174 2708 2269 2779 Nam
2291 2710 2457 2804 durum!

1432 2816 1560 2899 luerit,
1585 2816 1616 2885 si
1632 2814 1748 2898 dicas,
1774 2811 1926 2906 pecunia
1948 2813 2121 2904 largitur,
2148 2835 2216 2903 pro
2242 2812 2425 2883 distribui·

1433 2930 1514 3002 tur,
1549 2931 1630 3001 aut,
1664 2940 1765 2985 ame
1787 2913 1977 2986 auxiliatus
2000 2927 2063 2986 est.
2119 2913 2278 2984 Proinde
2304 2916 2425 2985 obser-

1433 3033 1519 3090 vent
1534 3014 1603 3088 hoc
1621 3020 1658 3088 in
1676 3021 1755 3088 loco
1772 3017 1894 3111 pueri,
1921 3018 2007 3111 quid
2031 3017 2224 3109 probarint
2246 3029 2307 3086 aut
2329 3042 2425 3089 rece-

1630 3176 1640 3206 ,
1667 3121 1730 3215 qui
1746 3121 1935 3190 emendate
1948 3120 2061 3190 locuti
2076 3135 2171 3192 sunt.

487 2748 676 2818 Passivum
699 2748 739 2815 in
758 2771 800 2815 or
816 2749 968 2831 desinit,
981 2786 983 2789 >
998 2762 1033 2818 ct
1047 2749 1250 2840 passionem
1273 2750 1352 2841 sign

384 2853 486 2934 licat,
514 2852 611 2944 quod
627 2850 712 2919 item
739 2846 983 2942 deprehendet
1008 2876 1117 2942 puer,
1152 2853 1183 2923 si
1206 2853 1382 2923 ablativus

384 2977 561 3047 personae
582 2964 677 3021 recte
702 2953 787 3021 addi
808 2954 959 3045 poterit:
1003 2953 1185 3024 verberor
1209 2957 1254 3025 ab
1278 2941 1381 3026 hero.

384 3056 469 3129 Non
485 3056 581 3125 enim
600 3067 694 3124 recte
709 3055 826 3126 dicas:
853 3056 1050 3127 Adsentior
1067 3058 1111 3126 ab
1129 3053 1229 3127 hero.
1267 3056 1383 3127 Vocat

381 3160 495 3251 'igitur
510 3157 717 3229 Priscianus
734 3158 932 3229 ablativum
948 3159 1138 3252 proprium
1154 3160 1380 3251 passivorum
1434 3123 1555 3217 Pirim
1568 3123 1621 3190 illl

386 3286 532 3334 casum.
1536 3240 1764 3335 Deponentia
1787 3242 1976 3324 dicuntur,
2019 3265 2111 3335 quae
2135 3266 2216 3312 cum
2238 3241 2277 3310 in
2301 3266 2344 3312 or
2366 3244 2426 3313 de-

391 3396 395 3401 ·
472 3363 665 3436 ‚Neutrum
685 3365 722 3432 in
741 3388 762 3433 0
779 3362 929 3448 desinit,
958 3376 992 3433 et
1015 3366 1278 3456 propemodum
1303 3390 1383 3456 pag.
1434 3346 1573 3430 sinant,
1599 3359 1720 3414 tamen
1737 3345 1886 3414 alteram
1904 3344 2202 3435 significationem
2226 3349 2427 3439 deponunt,

385 3467 523 3539 sionem
548 3466 735 3566 significat.
787 3465 923 3536 Verum
949 3491 1071 3537 casum
1099 3468 1324 3557 passivorum
1333 3468 1382 3564 Ι”)
1434 3461 1546 3567 elau}
1562 3448 1676 3518 active
1690 3448 1910 3538 ⁸58¹¹lfi⁶³¹¹ls
1937 3461 1978 3517 Ul
1998 3472 2126 3538 Precor
2142 3446 2280 3533 Deum,
2305 3448 2427 3542 Patior

385 3595 462 3640 uon
479 3568 657 3651 admittit,
683 3581 724 3639 ut
741 3568 871 3652 Caleo,
903 3569 1031 3640 Sedeo.
1091 3568 1184 3640 Nam
1208 3571 1383 3662 significa·
1435 3554 1627 3635 infimam,
1653 3563 2093 3643 m⁰r⁰r10280qu⁰ri⁰2
2120 3552 2426 3638 aulnffllffllllflrs

385 3668 585 3743 fiohorum
602 3671 824 3740 nontransit
842 3671 880 3739 in
908 3671 1015 3739 aliam
1040 3695 1246 3762 personam,
1298 3673 1383 3745 Non
1434 3668 1474 3727 ut
1490 3654 1680 3737 vaticinor,
1706 3655 1820 3724 labor.
1860 3653 2069 3745 Significant
2080 3656 2291 3725 neutraliter
2305 3656 2426 3739 etiam,

385 3775 482 3844 enim
500 3785 593 3841 recte
608 3772 723 3841 dicas:
752 3771 866 3842 Sedeo
881 3768 1033 3857 lulium,
1060 3775 1118 3842 vel
1134 3774 1268 3844 Sedeor
1291 3774 1383 3848 alu·
1434 3783 1516 3828 ¹⁰0⁰
1539 3756 1693 3841 ludi⁰i⁰2
1720 3781 1868 3841 ὓὸδῑῦῑ,
1895 3757 2007 3826 θῐῑθΐ·

385 3876 456 3958 lio,
482 3876 544 3944 sed
563 3873 709 3943 Colloco
727 3870 879 3957 lulium,
906 3888 940 3943 et
958 3875 1128 3945 Collocor
1143 3901 1163 3946 a
1178 3875 1281 3949 lulio.
1537 3877 1656 3948 Habes
1671 3901 1841 3966 generum
1858 3901 1920 3948 scu
1935 3875 2236 3967 significationum
2255 3878 2295 3948 in
2309 3879 2427 3952 verbis

488 3975 558 4046 llic
593 3976 835 4046 observabunt
867 3979 993 4068 pueri,
1043 3982 1222 4072 quaedam
1255 3994 1383 4050 neutra
1434 3981 1619 4051 formulas.
1689 3978 1782 4049 Sunt
1815 3992 1934 4049 autem
1967 3974 2026 4048 hic
2061 3978 2169 4049 etiam
2205 3983 2428 4052 admonendi

387 4102 472 4151 suac
503 4078 773 4170 significationis
806 4082 1026 4151 accusativos
1056 4082 1264 4153 admittere:
1307 4085 1383 4152 Aro
1434 4083 1558 4176 pueri,
1585 4105 1698 4173 pauca
1716 4084 1894 4175 quaedam
1909 4084 2018 4152 verba
2037 4081 2157 4152 efferri
2171 4107 2282 4175 pero
2311 4097 2346 4154 et
2370 4111 2426 4167 or,

324 4227 326 4235 ι
387 4206 535 4274 agrum,
560 4180 723 4251 Decurro
744 4184 921 4274 spatium,
942 4183 1035 4253 Bibo
1055 4185 1193 4257 viuum.
1245 4186 1303 4256 Ab
1329 4181 1385 4257 his
1437 4189 1561 4257 eadem
1576 4184 1854 4277 significatione:

387 4285 526 4369 verbis,
568 4309 649 4354 cum
682 4284 835 4354 activam
869 4286 1174 4379 significationem,
1194 4313 1310 4382 paene
1329 4288 1385 4357 in·
1589 4306 1763 4375 Adgemio
1931 4305 2114 4376 adsentior

385 4388 520 4471 duant,
560 4389 652 4456 fiunt
672 4388 798 4458 tertiae
821 4413 996 4482 personae
1027 4392 1209 4483 passivae:
1249 4393 1385 4464 Aratur
1591 4408 1742 4479 ,adsensi
1932 4411 2102 4479 adsensu,
2116 4432 2196 4477 sum

386 4493 504 4574 terra,
536 4489 680 4560 Bibitur
703 4491 850 4576 vinum,
890 4517 976 4563 nam
1001 4517 1108 4578 aror,
1141 4495 1249 4564 bibor
1275 4519 1383 4564 nemo
1590 4509 1763 4603 Impertio
1930 4511 2120 4603 impetum
2191 4533 2195 4542 ·

386 4592 488 4662 dixit.
539 4592 630 4662 Sunt
652 4587 735 4662 hinc
759 4606 794 4663 et
816 4595 1005 4687 participia
1029 4598 1190 4688 passiva:
1224 4595 1384 4668 Decurso
1592 4611 1778 4706 Imperavi
1932 4614 2230 4706 impertitussum

388 4694 526 4786 spallo,
553 4696 650 4784 apud
666 4694 889 4769 Tflrsssslluffl·
1592 4716 1786 4808 Comperio
1934 4716 2137 4808 comperior

492 4794 728 4865 Grammatici
745 4813 876 4870 vocant
893 4801 962 4868 tria
980 4804 1091 4871 verba
1110 4802 1290 4871 neutralia
1306 4825 1386 4894 pos·
1591 4819 1761 4912 comperi
1931 4832 2136 4911 compertus
2157 4845 2257 4901 sum,
2309 4819 2429 4887 activa

387 4896 484 4981 siva,
516 4922 608 4992 quac
623 4895 670 4994 ⁷¹)
701 4925 849 4991 prorsus
879 4902 1180 4994 significationem
1205 4916 1240 4973 et
1262 4928 1384 4974 casum
1437 4923 1695 5016 significatione
1710 4945 1786 4992 non
1801 4920 1968 4991 dixerunt
1984 4920 2118 4992 Latini,

387 5000 615 5124 P³⁸fflv⁰¹¹¹¹¹¹
643 4997 798 5124 habent,
839 5005 928 5088 Fl0’
977 5009 1076 5100 (1)]οτι
1115 5018 1166 5125 ²⁸}
1203 5008 1384 5098 P³⁸³iv¹¹m
1539 5042 1591 5113 lta
1615 5043 1780 5135 iurgoet
1801 5009 1944 5133 iurgor,
1978 5045 2038 5112 sed
2062 5039 2238 5133 posterius
2260 5038 2432 5112 usitatius

390 5097 593 5197 ‘l'wlmlm'
607 5107 707 5175 vedu
721 5109 826 5179 ΜΟ·
878 5106 1003 5226 vim
1023 5133 1044 5177 ²¹
1062 5122 1120 5192 ἴθ’
1145 5112 1184 5178 ¹d
1202 5123 1273 5193 ‘sl’
1299 5135 1399 5212 Μ’.
1438 5158 1509 5230 est,
1536 5160 1570 5217 et
1588 5171 1738 5217 munero
1757 5145 1853 5237 apud
1870 5145 2116 5228 Macrobium,
2140 5166 2315 5213 muneror
2331 5144 2432 5235 apud

390 5207 458 5274 ‘¹⁰‘
480 5231 499 5274 ὃ
523 5220 568 5279 ¹⁰·
621 5207 762 5300 V³P¹¹¹⁰
787 5234 806 5278 ἃ
829 5222 885 5294 ²⁸³
914 5213 951 5280 ¹d
977 5223 1050 5294 ‘sl’
1092 5212 1264 5282 “rbem
1292 5239 1311 5281 ὃ
1340 5227 1385 5285 ¹²·
1437 5248 1670 5336 Terentium,
1697 5248 1903 5344 etfabricor
1921 5248 2070 5332 usitate,
2105 5248 2201 5339 apud
2220 5258 2344 5340 poetas
2363 5247 2431 5316 ali-

424 5458 472 5525 ⁶⁹l
491 5458 607 5526 dmm]
630 5460 714 5513 ml·
733 5462 821 5526 Μ’
841 5476 864 5514 ⁸·
878 5474 919 5514 α’)
944 5462 1106 5528 “mmm
1471 5497 1519 5563 77)
1536 5501 1566 5548 st
1582 5500 1674 5561 patris
1690 5498 1810 5566 carere]
1831 5500 1914 5553 mitt.
1929 5501 2023 5564 tm,
2047 5514 2071 5552 s.
2085 5513 2127 5552 ιε
2152 5501 2244 5565 patris
2262 5512 2378 5566 cerere,
2397 5511 2432 5552 so

428 5560 477 5628 7ο)
494 5575 588 5614 casum
605 5563 795 5625 passivorum]
814 5566 866 5616 Ed.
881 5579 906 5615 s.
920 5576 964 5618 ιε
990 5566 1168 5631 passivorum
1185 5579 1280 5621 ossum
1509 5579 1626 5630 prorsus
1646 5569 1879 5634 significationem
1896 5572 2050 5621 neutralem
2068 5572 2158 5624 hebet.

428 5662 476 5727 71)
497 5669 581 5729 quos]
600 5665 683 5716 unu
698 5666 792 5734 told,
809 5681 834 5721 s.
847 5680 891 5722 s.:
918 5681 988 5733 quse
1005 5670 1035 5722 tn
1053 5683 1070 5722 o
1088 5672 1245 5725 desinentis
1473 5668 1522 5737 ⁷³)
1542 5668 1721 5735 Depeculor]
1739 5675 1791 5729 Ed.
1810 5686 1837 5725 s.
1849 5683 1876 5725 s.
1894 5674 1981 5725 mdc:
2008 5675 2139 5739 Depulor.
