5125 6525
384 456 458 533 tta

381 628 617 724 praeteritum
645 628 691 696 ab
722 626 909 720 ἔσκαμμαι
930 626 1127 718 praeterito
1152 626 1254 695 verbi
1281 617 1373 698 σκό-

382 756 524 823 πιομοιι
538 730 670 799 fodior.
792 744 795 749 “

485 849 563 918 Hae
577 861 662 919 sunt
676 842 899 917 Graecorum
917 846 1204 938 praepositiones
1219 848 1257 916 in
1276 843 1374 918 hunc

381 954 531 1022 modum
555 951 677 1044 paucis
704 949 885 1045 expositae
908 973 976 1039 pro
1010 949 1184 1019 varietate
1212 963 1375 1021 constru-

386 1054 568 1134 ctionum;
595 1054 700 1144 longe
722 1053 871 1144 plurimi
891 1050 1107 1121 idiotismia
1135 1077 1191 1122 me
1214 1053 1253 1123 in
1279 1053 1375 1124 Con-

381 1158 618 1229 structionum
639 1154 822 1224 volumine
837 1153 1120 1225 conscribentur.

611 1288 712 1358 Finis
729 1285 1112 1383 praepositionumfl).

616 1508 693 1593 De
733 1505 1137 1596 coniunctione.

482 1665 707 1771 Σονόεομός
732 1672 808 1744 ἐστι
828 1671 939 1770 μέρος
963 1674 1076 1774 λόγου
1098 1674 1248 1748 ἄκλιτον
1282 1696 1374 1748 συν·

381 1774 468 1852 όόον
485 1772 531 1847 τόι
557 1773 650 1845 ἄλλα
669 1772 763 1870 μέρη
787 1780 856 1848 τοῦ
877 1776 991 1876 λόγου
1014 1780 1064 1859 εἰς
1086 1774 1258 1851 όιόνοιαν
1279 1774 1375 1871 μετὰ

276 1880 282 1891 ’
379 1873 536 1967 τάξεως,
571 1874 639 1957 hoc
668 1890 739 1959 est,
771 1877 985 1949 Coniunctio
1014 1893 1066 1951 est
1090 1906 1173 1972 pars
1198 1880 1374 1951 orationis

384 1979 663 2063 indeclinabilis,
697 1981 917 2072 coniungens
941 1983 1028 2053 alias
1052 1996 1172 2075 partes
1197 1983 1373 2053 orationis

381 2085 421 2153 in
447 2082 661 2153 sententiam
685 2108 764 2152 cum
790 2086 928 2155 ordine.

481 2182 621 2254 Accidit
636 2199 753 2255 autem
772 2185 1026 2257 coniunctioni
1051 2192 1188 2283 σχῆμα.
1239 2186 1371 2277 Figura

381 2288 550 2379 simplex,
577 2301 617 2357 ut
634 2285 722 2361 ἐπεί.
771 2288 999 2382 Composita,
1026 2302 1066 2359 ut
1082 2286 1216 2384 insidii.
1298 2315 1300 2320 ·

485 2389 788 2468 coniunctionum
823 2395 964 2487 aliquae
988 2406 1071 2463 sunt
1096 2385 1372 2487 συμπλεκτικοί,

379 2496 417 2564 id
433 2504 497 2575 est,
520 2493 757 2584 copulativae,
782 2506 823 2563 ut
836 2494 908 2588 μέν
923 2496 1090 2589 quidem,
1117 2492 1163 2568 δέ
1173 2506 1311 2575 autem,
1331 2518 1372 2564 τε

378 2619 468 2691 que,
493 2590 559 2665 καί
572 2606 625 2676 et,
651 2593 745 2667 «itti
760 2598 842 2687 sed,
868 2595 965 2695 ἇτόρ
988 2599 1070 2680 sed,
1098 2594 1218 2691 αὐτάρ
1241 2594 1372 2689 sed⁶¹),

378 2693 437 2773 ότι
460 2697 570 2789 quod.
818 2768 824 2777 ,

481 2797 632 2891 Aliquae
654 2812 773 2867 autem
795 2798 1038 2890 διαζευτικοί,
1073 2800 1204 2883 idest,
1235 2799 1372 2869 disiun-

380 2902 512 3004 ctivae,
535 2914 575 2968 ut
589 2898 613 2994 ἦ
629 2902 705 2984 vel,
730 2900 812 2995 ἤτοι
827 2905 920 2986 sive,
944 2902 988 2998 ἠέ
1000 2906 1085 2976 sive.

382 3033 386 3039 ·
485 3003 636 3096 Aliquae
663 3018 780 3072 autern
812 3003 1051 3093 unvammai,
1087 3003 1124 3072 id
1151 3016 1222 3087 est,
1257 3003 1370 3072 conti·

381 3106 570 3188 nuatione,
594 3120 634 3176 ut
650 3107 680 3178 al
695 3106 737 3190 si,
764 3108 873 3205 εἴπερ,
902 3107 993 3206 εἴδη,
1016 3101 1163 3204 εῖόὴπερ
1180 3107 1369 3200 siquidem.

481 3206 632 3301 Aliquae
651 3222 769 3280 autern
786 3204 1125 3310 παρασυναπτικοί,
1152 3210 1190 3278 id
1205 3222 1268 3292 esi,
1287 3209 1371 3280 iub·

379 3311 581 3394 iunctivae,
621 3326 661 3382 ut
684 3309 781 3398 ἐπεί,
822 3312 966 3413 ἐπείπερ
996 3311 1190 3410 quoniam,
1232 3303 1368 3405 ἐπειδή,

380 3410 570 3512 ἐπειδήπερ
586 3429 790 3511 postquam.
1237 3484 1244 3494 ,

478 3516 631 3611 Aliquae
661 3534 780 3588 autem
816 3517 1076 3621 nlrcoioytxoc',
1115 3519 1153 3588 id
1183 3532 1254 3602 est,
1286 3543 1369 3589 can-

377 3623 488 3703 sales,
515 3634 555 3688 ut
575 3622 639 3694 ἵνα
658 3633 718 3701 ut,
744 3616 843 3702 ὅπως
863 3636 923 3705 ut,
958 3621 1060 3720 όφρα
1079 3633 1140 3707 tlt,-
1161 3616 1237 3720 γόρ
1259 3620 1369 3705 enim,

263 3752 271 3770 ’
377 3720 435 3796 ότι
457 3723 575 3814 quod,
608 3718 705 3794 διότι
728 3722 832 3813 quia,
871 3722 1011 3795 καθότι
1033 3723 1228 3817 quoniam,
1262 3721 1370 3795 ἕνεκα

378 3847 504 3906 causa,
532 3818 667 3894 οὕνεκα
684 3822 780 3916 quia.

481 3923 634 4017 Aliquae
650 3938 768 3994 autern
789 3921 1081 4021 ἀπορηματικοί,
1107 3925 1144 3994 id
1168 3938 1240 4008 est,
1266 3925 1370 3996 dubi·'

377 4029 531 4109 tativae,
565 4039 605 4096 ut
638 4026 714 4124 ἄρα
748 4050 814 4110 an,
854 4024 933 4100 εἶτα
966 4040 1112 4119 postea,
1150 4032 1237 4121 μιὸν
1267 4051 1369 4112 num,

227 4188 236 4197 .
334 4144 336 4148 ’
377 4124 431 4225 μή
455 4154 513 4199 an.

479 4231 633 4325 Aliquae
657 4245 776 4301 autem
804 4229 1096 4330 συλλογιστικοί,
1133 4234 1263 4318 idest,
1299 4236 1371 4305 col-

378 4334 527 4404 lectivae
550 4334 624 4405 sive
643 4337 856 4417 rationales,
890 4348 930 4404 ut
953 4328 1027 4433 ἆρα
1049 4362 1154 4429 ergo,
1183 4332 1276 4408 itti
1297 4339 1371 4421 sed,

379 4434 549 4532 ἆλιαμήν
570 4461 715 4521 verum,
735 4431 812 4512 ὀὖν
832 4438 961 4528 igitur,
987 4435 1119 4529 τρίνυν
1141 4441 1269 4530 igitur,
1296 4465 1371 4512 τοι-

377 4538 511 4639 γάρτοι
532 4542 673 4633 itaque,
699 4547 901 4639 τοιγαροῦν
926 4565 1023 4631 ergo.

480 4642 632 4737 Aliquae
655 4658 774 4713 autem
798 4640 1204 4743 παραπληρωματικοί,
1245 4642 1282 4712 id
1307 4657 1371 4728 est,

379 4744 593 4834 repletivae,
618 4759 659 4816 ut
675 4739 724 4838 δή
745 4747 837 4830 iam,
862 4745 909 4839 ῥά
931 4769 1080 4836 nempe,
1107 4741 1186 4840 θήν
1210 4746 1370 4840 quidem,

378 4840 427 4919 νύ
448 4848 618 4943 certem),
653 4853 745 4938 ποῦ,
781 4844 858 4931 τοί,
892 4840 961 4937 αὖ,
997 4840 1085 4932 οὖν,
1121 4845 1208 4943 πέρ,
1242 4845 1370 4946 ruffi),

413 5079 461 5144 co)
478 5081 557 5130 Finis
575 5078 840 5143 praepositionum]
865 5076 906 5126 sic
933 5077 982 5125 ui.
1000 5077 1092 5139 1612.;
1124 5077 1174 5126 Ed.
1192 5076 1267 5128 1622.
1291 5077 1370 5130 Finis

448 5149 483 5197 de
500 5147 723 5211 praeposition03
747 5145 886 5196 11111611.
905 5144 982 5196 itinis
997 5146 1229 5211 praepositionis3
1247 5147 1369 5203 euroin.
1424 5155 1444 5180 ’‘

449 5215 538 5282 itte,
558 5215 651 5281 tote„
670 5215 746 5266 1616.
758 5228 817 5278 sqq.
836 5215 905 5266 inec
922 5216 1089 5281 subscriptio
1108 5215 1214 5268 omisso
1235 5220 1289 5272 cst.

414 5313 463 5381 61)
483 5316 548 5378 sed]
567 5315 596 5368 ln
613 5317 756 5370 1611638.
775 5317 863 5367 deest.

412 5418 463 5478 aa)
474 5414 622 5540 μέτρου]
636 5421 677 5473 sie
693 5421 779 5475 unat.
797 5421 884 5486 rnre,
902 5392 990 5486 isac,
1006 5423 1213 5488 isia-roan,
1231 5426 1281 5476 aa.
1293 5426 1368 5478 asae

449 5502 483 5551 νη
501 5501 516 5537 c
561 5502 586 5539 c.

413 5584 541 5712 ”iffi
560 5591 602 5711 ορ
620 5593 668 5645 ro.
686 5593 779 5657 rsae.;
803 5592 885 5652 unu
900 5595 965 5645 isar
976 5594 1091 5648 -raan
1110 5594 1170 5661 πο,
1189 5595 1369 5665 nornine,

518 5695 525 5709 .
542 5675 581 5727 πρ
600 5698 607 5714 .

919 509 922 514 .
957 452 1078 525 rau.
1109 451 1224 549 arai..
1257 452 1465 529 scauri
1494 455 1859 573 rnnnnooicafl
1974 512 1980 524 ,

1414 2538 1420 2549 κ

2349 465 2425 539 144

1425 623 1578 725 μήν“),
1604 627 1718 725 δῆτα,
1734 630 1790 729 ,γέ
1809 634 1968 726 quidem.
2019 635 2067 703 At
2083 631 2130 731 γέ
2142 658 2217 702 non
2232 637 2350 705 solum
2368 663 2424 707 re-

1427 733 1559 825 pletiva
1576 748 1645 816 est,
1673 737 1734 804 sed
1751 735 1858 804 etiam
1876 738 2090 806 diminutiva
2106 750 2142 805 et
2157 740 2321 808 causalis.
2432 786 2438 808 .

1528 835 1681 931 Aliquae
1700 850 1819 907 autem
1837 834 2051 934 δυνητικοό,
2077 840 2114 907 id
2131 853 2196 922 est,
2222 844 2424 931 potestatis,

1426 949 1468 1006 ut
1489 935 1558 1031 ἄν,
1591 936 1652 1025 κε’,
1686 936 1772 1031 κέν,
1799 941 1847 1025 si,
1875 944 1969 1025 sive,
1995 943 2132 1036 utique.
2184 940 2423 1016 Inveniuntur

1427 1040 1535 1108 etiam
1552 1044 1647 1131 apud
1664 1056 1788 1133 poetas
1808 1045 2015 1135 repletivae.
2263 1131 2265 1136 Ι

1528 1141 1681 1237 Aliquae
1704 1158 1822 1215 autem
1844 1142 2066 1240 όιαιιριτικοί
2089 1147 2163 1218 sive
2189 1142 2419 1241 ἒπιλειιτικοί,

1427 1243 1464 1311 id
1482 1258 1553 1329 est,
1578 1247 1789 1318 discretivae
1803 1250 1878 1320 sive
1892 1247 2082 1332 electivae,
2105 1263 2146 1319 ut
2160 1246 2185 1343 ἤ
2200 1275 2322 1342 quam.

1528 1348 1682 1443 Aliquae
1714 1364 1833 1421 autern
1865 1347 2120 1444 ἐλαττοντικοί,
2160 1352 2198 1419 id
2220 1356 2293 1437 est,
2326 1366 2423 1435 eute-¹

1427 1450 1595 1522 nuativae
1618 1452 1692 1523 sive
1717 1454 1975 1538 diminutivae,
2009 1468 2050 1525 ut
2071 1459 2168 1554 γοῦν
2188 1457 2335 1540 saltem,
2376 1455 2424 1555 γε’

1426 1551 1565 1624 saltem.

1527 1657 1680 1751 Aliquae
1697 1670 1815 1730 autem
1833 1654 2161 1753 ἐναντιωματιιιοί,
2194 1661 2322 1747 idest,
2356 1665 2419 1731 ad-

1426 1759 1645 1844 versativae,
1671 1775 1712 1830 ut
1730 1758 1832 1855 ὅμως
1853 1775 1995 1844 tamen,
2021 1763 2144 1835 καίτοι
2167 1764 2251 1847 etsi,
2285 1760 2419 1861 καίπερ

1426 1883 1669 1955 quamquam,
1695 1863 1811 1960 ἔμπης
1827 1877 1969 1948 tamen,
1992 1859 2089 1937 εἶναι’
2106 1866 2183 1935 etsi.

1671 1998 1771 2070 Finis
1788 1998 2093 2071 coniunctionum
2100 1998 2160 2092 ⁶⁶).

1746 2189 2087 2274 THERSlTA

1526 2346 1569 2440 ⁸e
1595 2324 1793 2393 secundo
1819 2320 1994 2394 lliados
2020 2324 2290 2396 Homericae

1733 2440 1821 2541 [vss.
1839 2441 2103 2541 212-220.].

1528 2577 1629 2637 (itanc
1648 2578 1871 2641 inscriptionem
1888 2583 1920 2632 in
1939 2579 2037 2634 nain.
2052 2583 2184 2636 omnibns
2202 2584 2289 2636 teins
2307 2588 2417 2639 (ἔνιοι-

1422 2652 1550 2704 mottcu
1561 2649 1795 2715 subsannantur:
1815 2654 1838 2701 1.
1853 2652 1962 2701 Teutas
1975 2662 2100 2716 praeces
2113 2655 2200 2705 tutus
2219 2657 2293 2716 tacit
2310 2658 2337 2706 2.
2351 2661 2418 2712 eiu

1411 2750 1414 2757 .
1421 2718 1636 2785 interpretatio
1667 2720 1764 2770 tnttnn
1795 2719 2010 2785 Μιιαιιιιοιιιις
2046 2723 2071 2774 ³.
2106 2725 2233 2775 eiusdem
2259 2727 2417 2793 scholiam

1422 2793 1449 2841 1.
1466 2791 1531 2841 dns
1544 2791 1688 2842 nornen.
1723 2789 1787 2839 Hoc
1805 2790 1869 2840 toco
1882 2802 1942 2840 non
1953 2790 2048 2841 sotum
2060 2794 2172 2843 tentum
2183 2804 2244 2856 pn,
2261 2796 2312 2845 scd
2325 2798 2417 2849 etim

1422 2857 1698 2925 interpretationem
1721 2855 1774 2909 ist.
1800 2860 1829 2909 et
1855 2858 1986 2909 sciotion
2008 2862 2125 2927 omitto,
2158 2864 2236 2925 quod
2259 2867 2418 2931 utrumque

1421 2929 1483 2980 torn
1507 2928 1538 2977 in
1562 2927 1651 2978 iuius
1674 2926 1761 2989 Corn.
1790 2926 1983 2977 Votxt'm.
2006 2929 2211 2990 niti-1²6.
2243 2934 2351 2995 nunti,
2385 2937 2417 2987 et

1421 2998 1538 3049 tanturn
1550 2995 1620 3046 Met.
1634 2997 1768 3047 Εωοιιιιιι
1779 2994 1866 3044 tinius
1881 2995 1940 3046 toci
1951 2996 2017 3047 tttic
2029 3002 2154 3053 consitio
2166 3002 2305 3053 omissum
2322 3004 2415 3067 (cont.

1420 3079 1450 3132 p.
1465 3064 1525 3116 166.
1541 3067 1613 3116 ποια
1629 3065 1686 3123 11.)
1704 3064 1766 3116 1ι.ι.
1784 3064 1919 3126 achiteo,
1935 3070 2066 3119 nunerio
2089 3082 2242 3131 οινιιιιιιπ,
2278 3074 2319 3123 nd
2340 3083 2415 3136 quos

1421 3135 1542 3201 tinnula
1558 3136 1710 3198 spectant,
1734 3134 1919 3197 odsoetptie.)

1763 3353 1766 3359 Ι
1808 3269 2018 3342 Examen

1525 3408 1603 3502 (Vs.
1621 3409 1726 3504 212.)
1755 3404 1929 3503 θερσίτης
1951 3408 2071 3479 unde?
2105 3409 2145 3479 ln
2169 3412 2326 3504 propriis
2347 3435 2416 3480 no·
2468 3490 2474 3496 ,

1422 3513 1580 3583 minibus
1603 3524 1711 3602 negat
1732 3511 1960 3581 Herodianus
1988 3515 2212 3606 quaerendas
2232 3515 2414 3607 etymolo-

1421 3617 1515 3709 gias,
1558 3614 1628 3684 nisi
1649 3613 1871 3685 fabularibus
1893 3614 1982 3698 illis,
2022 3641 2113 3709 quae
2137 3642 2212 3685 non
2236 3629 2368 3686 temere
2392 3641 2414 3684 a

1421 3718 1536 3810 poetis
1556 3717 1819 3807 confinguntur.
1871 3717 1961 3808 Quis
1979 3718 2074 3787 enim
2097 3721 2236 3790 dubitet
2249 3716 2415 3789 Achaten

1420 3823 1550 3891 frustra
1574 3818 1784 3910 aVirgilio,
1809 3818 2112 3912 Pyrgopolinicen
2139 3849 2221 3893 casu
2244 3824 2413 3894 aPlauto

1420 3919 1675 3991 nominatum?
1726 3921 1847 4014 Quare
1863 3923 1907 3990 de
1929 3936 2050 4017 etymo
2072 3926 2229 3996 nominis
2245 3923 2413 3997 Thersite

1421 4027 1612 4096 dicendum
1629 4036 1691 4094 est.
1745 4018 1920 4121 θεροίτης
1935 4050 1954 4094 a
1970 4024 2116 4124 θάρσος
2138 4029 2288 4113 dicitur,
2314 4030 2415 4123 quod

1423 4127 1676 4199 confidentiam
1693 4149 1808 4218 prope
1831 4151 1872 4196 ac
1892 4130 2131 4201 temeritatem
2155 4132 2348 4223 significat,
2375 4131 2417 4200 id

1423 4234 1519 4325 quod
1538 4232 1637 4301 vides
1654 4254 1761 4324 quam
1779 4243 1860 4321 apte
1882 4236 2045 4325 quadret.
2097 4233 2147 4303 Ut
2171 4235 2265 4301 enim
2288 4233 2416 4301 mode·

1423 4334 1691 4406 stiaevirtutum
1704 4335 1865 4401 omnium
1883 4335 2057 4405 elementa
2073 4334 2236 4404 tribuunt
2253 4330 2416 4427 philoso-

1424 4434 1507 4530 phi,
1532 4436 1582 4505 ita
1598 4448 1722 4506 contra
1737 4436 1930 4507 temeritati
1945 4439 2114 4507 vitiorum
2129 4438 2293 4508 omnium
2310 4442 2416 4536 πρῶ·

1423 4566 1490 4632 τα,
1517 4553 1553 4610 et
1574 4540 1615 4608 ni
1640 4539 1766 4621 fallor,
1799 4534 1887 4611 haec
1910 4542 1967 4611 vel
1989 4540 2169 4635 aptissima
2194 4554 2245 4612 est
2268 4540 2413 4633 linguae

1424 4643 1668 4712 concitandae.
1706 4641 1859 4736 Reliqua
1876 4645 1976 4716 alias.
2018 4643 2166 4713 Declina
2185 4639 2360 4742 θερσίτης
2372 4656 2415 4713 ut

1418 4742 1601 4844 Ἀγχίσης·
1850 4841 1859 4870 ,
2133 4770 2135 4773 ·

1525 4853 1687 4942 μοῦνος,
1721 4872 1788 4939 pro
1809 4872 1925 4942 μονος
1947 4846 2086 4933 lonice,
2127 4852 2283 4941 augendi
2306 4849 2413 4941 sylla·

1422 4953 1489 5022 hae
1504 4950 1638 5042 gratia,
1664 4963 1705 5020 ut
1720 4949 1853 5041 upilio,
1879 4960 1945 5043 pro
1965 4953 2088 5044 opilio.

1526 5047 1770 5153 ἄμετροεπής,
1811 5052 1960 5140 oisine,
1996 5054 2135 5153 μέτρον
2149 5052 2197 5151 ⁰⁸)
2232 5077 2413 5137 mensura,

1422 5184 1507 5240 ιπος
1525 5183 1664 5243 sermo,
1691 5157 1821 5240 futilis,
1854 5158 2082 5251 loquaculus,
2117 5158 2193 5228 sine
2215 5157 2348 5226 iudicio
2372 5180 2414 5224 ac

1427 5321 1482 5331 ..-
1517 5322 1631 5339 ...φ-..-

1456 5391 1505 5459 ot)
1523 5391 1593 5460 μὴν]
1614 5394 1664 5445 tid.
1679 5393 1754 5448 tots.
1770 5391 1810 5460 με)

1455 5497 1506 5556 66)
1525 5498 1598 5546 tinec
1623 5498 1805 5564 subscriptio,
1829 5509 1908 5560 qnam
1930 5469 2017 5554 utin.
2037 5499 2112 5551 1642.
2125 5513 2185 5564 sqq.
2210 5501 2356 5567 exhibant,
2382 5499 2414 5551 in

1491 5564 1575 5618 Editt.
1590 5565 1782 5620 1618-1611.
1800 5568 1888 5619 deest.

1455 5666 1502 5733 66)
1518 5665 1637 5736 μέτρον]
1653 5670 1704 5721 list.
1721 5671 1797 5724 1668.
1815 5674 1874 5737 typ.
1893 5688 2006 5728 errore:
2030 5667 2154 5740 ἆμόιρον
