5125 6525
259 397 341 484 sss
533 399 594 475 ιι
645 397 714 473 oe
738 391 1017 473 neronom
1033 387 1111 469 rr
1135 387 1487 471 ιοιιοιιιιιοιιι
1514 390 1694 470 maon
1718 399 1763 471 v.
1790 399 2027 475 messus.
2075 326 2110 428 Γ
2220 395 2297 480 ιιι

263 577 381 649 videri
412 575 551 668 potuit,
593 570 763 665 elegimus
791 571 1071 664 Imperatorem,
1112 569 1151 639 in
1181 595 1253 663 quo

262 706 346 753 cum
365 681 498 748 virtute
515 679 677 770 potentia
697 676 887 746 coniuncta
914 687 985 759 est,
1010 687 1051 744 nt
1067 674 1142 744 eius
1161 673 1255 743 vires

262 782 444 877 praesidio
467 792 585 852 essent
608 778 792 869 religioni,
823 773 1001 871 Imperio,
1027 791 1063 847 et
1084 777 1254 846 universo

263 884 405 956 nomini
421 878 639 955 Christiano.

365 1020 525 1091 Proinde
545 1044 610 1089 vos
627 1017 793 1109 auspiciis
806 1013 953 1107 lmperii
970 1015 1081 1107 ipsius
1103 1016 1195 1084 laeta
1221 1027 1256 1083 et

263 1127 380 1195 fausta
395 1120 613 1215 precamini,
640 1120 743 1215 eique
760 1121 913 1190 libenter
935 1117 1097 1201 obedite,
1131 1130 1172 1189 ιιι
1194 1119 1255 1186 de-

264 1239 320 1298 cet
345 1225 526 1318 principes
549 1238 584 1292 et
607 1223 762 1316 populos
785 1234 946 1292 amantes
969 1221 1132 1314 publicae
1158 1232 1256 1289 tran·

264 1327 463 1428 quillitatis.
530 1326 719 1396 Postremo
748 1350 827 1395 cum
855 1325 1037 1416 ingentem
1061 1324 1196 1392 luctum
1220 1334 1256 1391 et

263 1454 467 1501 moerorem
489 1427 655 1498 interitus
678 1427 918 1497 Maximiliani
940 1427 1121 1509 attulerit,
1154 1427 1255 1494 decet

263 1559 329 1603 vos
346 1532 417 1600 vim
433 1531 497 1601 fati
514 1531 685 1625 aequiore
702 1531 824 1601 animo
847 1533 960 1613 ferre,
985 1542 1177 1623 postquam
1193 1551 1256 1596 ue·

261 1660 348 1728 pos,
375 1659 482 1728 quem
498 1633 557 1703 ille
574 1629 821 1705 charissimum
836 1628 981 1714 babuit,
1008 1644 1046 1702 et
1062 1631 1170 1701 nobis
1191 1628 1256 1697 ali·

263 1738 410 1832 quando
444 1736 728 1817 commendavit,
774 1735 842 1827 ipsi
876 1732 1060 1816 successit,
1108 1747 1147 1802 ut
1178 1755 1254 1801 non

264 1833 423 1910 omuino*
445 1838 619 1908 extinctus
646 1837 761 1907 videri
790 1837 914 1930 possit.
978 1834 1119 1906 Deinde
1145 1834 1256 1927 ipsius

264 1941 432 2012 manibus
456 1937 526 2010 hoc
541 1940 703 2009 officium
728 1939 894 2024 tribuite,
923 1952 967 2009 ut
983 1938 1114 2008 maiori
1135 1937 1258 2024 studio

263 2044 389 2136 nepoti
405 2043 580 2136 pareatis,
607 2056 642 2112 et
659 2043 815 2113 consiliis
829 2041 956 2114 vestris
972 2055 1007 2111 et
1023 2041 1154 2135 copiis,
1180 2066 1255 2111 sus-

264 2146 455 2240 cipientem
477 2145 724 2238 gravissimam
746 2142 893 2237 lmperii
916 2145 1071 2230 molem,
1114 2167 1253 2216 summa

264 2249 457 2319 concordia
489 2249 677 2320 adiuvetis.
744 2249 852 2343 Quod
879 2273 922 2317 eo
946 2247 1054 2317 etiam
1078 2247 1180 2316 vobis
1204 2249 1255 2315 la-

264 2351 430 2422 ciendum
457 2363 511 2421 est
531 2352 669 2420 maiore
691 2375 796 2433 cura,
836 2363 877 2420 ut
893 2347 1041 2442 lmperii
1064 2349 1255 2440 posscssio-

263 2479 347 2524 nem
364 2454 561 2537 retineatis,
584 2478 693 2546 quam
708 2454 785 2523 sine
801 2453 994 2521 concordia
1012 2450 1106 2520 tueri
1121 2475 1255 2544 nequa·

264 2580 375 2652 quam
399 2579 601 2647 possumus.
653 2553 815 2645 Cogitate
834 2566 974 2636 autem,
1000 2565 1176 2647 quantum
1194 2555 1255 2621 dc-

265 2658 407 2740 cussit,
432 2680 543 2738 uuam
557 2652 652 2725 hauc
665 2657 851 2724 nationem
867 2657 1041 2725 delectam
1058 2679 1144 2738 esse,
1162 2679 1254 2749 quae

263 2785 340 2830 non
357 2772 498 2829 tantum
515 2783 598 2829 suos
619 2760 706 2829 fines
725 2760 950 2842 defenderet,
976 2759 1038 2828 sed
1061 2770 1180 2829 custos
1202 2782 1255 2827 es-

264 2876 316 2937 set
330 2863 438 2933 etiam
460 2876 680 2931 caeterarum
708 2861 888 2952 gentium,
922 2874 957 2931 et
977 2886 1045 2953 pro
1070 2858 1255 2931 communi

264 2966 377 3038 salute
403 2962 598 3036 Christiani
628 2963 786 3034 nominis
808 2963 1040 3056 praecipuam
1061 2962 1253 3033 stationem

263 3081 413 3138 teneret.
464 3066 543 3135 Hoc
560 3068 667 3136 decus
680 3091 808 3157 magna
830 3066 962 3136 virtute
978 3079 1124 3159 partum
1140 3090 1160 3134 a
1179 3090 1255 3134 ma-

263 3168 420 3253 ioribus,
447 3183 482 3237 et
500 3193 615 3240 annos
628 3170 702 3238 lere
715 3169 786 3238 iam
807 3169 1030 3260 octingentos
1053 3169 1090 3237 in
1106 3163 1175 3238 hac
1189 3194 1254 3237 na-

262 3275 363 3345 tione
387 3285 639 3344 couservatum
662 3272 837 3365 sapientia
855 3286 891 3341 et
906 3274 1098 3343 concordia
1121 3271 1254 3364 princi-

263 3403 375 3470 pum,
407 3376 519 3445 nolite
539 3399 636 3446 nunc
656 3401 722 3467 per
737 3375 953 3446 discordiam
978 3376 1164 3457 amittere,
1197 3398 1255 3443 ca-

264 3505 335 3575 que
364 3479 402 3547 in
435 3503 576 3547 recum
602 3490 740 3547 vestrae
767 3477 905 3568 gloriae
930 3489 965 3546 et
987 3475 1255 3571 tranquillitati,

262 3593 340 3653 tum
357 3606 443 3651 vero
459 3579 564 3651 saluti
581 3581 678 3648 orbis
693 3591 870 3649 terrarum
894 3579 1080 3650 consulite.
1143 3575 1254 3673 ldque

264 3684 443 3766 officium,
469 3680 667 3775 principes,
693 3693 728 3750 et
742 3707 822 3766 eos,
849 3682 913 3776 qui
936 3694 1107 3775 praesunt
1120 3681 1256 3774 Reipu-

263 3786 401 3869 blicae,
443 3783 598 3854 maxime
622 3785 751 3854 debere
773 3782 852 3854 Deo
882 3784 1046 3867 statuite,
1086 3797 1126 3854 ut
1159 3808 1255 3853 com-

264 3887 368 3960 muni
382 3887 487 3958 saluti
503 3887 670 3958 omnibus
685 3888 822 3958 viribus
837 3888 1036 3959 consulant.

367 4025 466 4094 llaec
488 4024 711 4095 renuntianti
729 4026 884 4117 populus
900 4050 979 4096 cum
995 4027 1124 4117 plausu
1141 4027 1257 4094 accla-

264 4131 401 4201 mabat.
432 4124 534 4200 Nihil
548 4129 645 4197 enim
668 4130 834 4199 omnibus
858 4129 1045 4198 ordinibus
1061 4139 1139 4198 erat
1155 4141 1257 4219 opta·

264 4233 357 4316 tius,
389 4255 499 4324 quam
523 4231 620 4300 eludi
644 4234 926 4322 expectationem
949 4232 1159 4313 Gallorum,
1193 4230 1256 4323 qui

262 4333 459 4424 imperium
485 4333 554 4402 sibi
575 4336 852 4426 desponderant.
904 4331 1029 4428 ltaque
1050 4332 1175 4404 audito
1190 4331 1257 4401 Ca·

264 4437 337 4508 roli
349 4435 511 4518 nomine,
537 4459 662 4506 omues
679 4460 749 4506 una
769 4461 856 4506 voce
872 4451 907 4507 et
922 4461 1098 4509 consensu
1114 4435 1257 4504 electio-

263 4564 348 4610 nem
371 4537 635 4629 approbabant.
699 4541 822 4631 Agunt
851 4541 985 4630 gratias
1009 4538 1087 4610 Deo
1117 4537 1256 4628 optimo

264 4644 422 4714 maximo
439 4640 615 4731 primum,
642 4645 740 4736 quod
761 4655 876 4713 metus
898 4642 1057 4713 civilium
1079 4641 1256 4711 bellorum

264 4747 424 4818 sublatus
466 4756 544 4812 erat
582 4768 757 4816 consensu
790 4746 1066 4837 suffragiorum
1115 4744 1258 4828 deinde,

264 4850 363 4941 quod
390 4870 516 4916 omnes
542 4846 748 4916 iudicabant
771 4849 943 4919 divinitus
969 4848 1050 4918 orbi
1077 4861 1256 4918 terrarum

264 4949 457 5023 salutarem
488 4948 688 5041 principem
718 4951 841 5020 datum
863 4964 958 5029 iesse.
1016 4950 1152 5020 Omnes
1182 4951 1256 5018 iam

265 5065 342 5121 tum
376 5052 633 5121 ominabantur
656 5049 763 5124 huius
785 5042 908 5123 Caroli
930 5055 1101 5124 virtutem
1123 5065 1159 5121 et
1181 5053 1257 5121 leli-

264 5152 408 5223 citatem
432 5155 612 5244 praesidio
637 5157 795 5227 suturam
820 5155 888 5225 toti
909 5155 1098 5247 Europam
1133 5180 1257 5229 omues

264 5267 350 5326 vota
366 5256 556 5343 iaciebant,
581 5271 623 5328 ut
637 5259 795 5350 auspicia
812 5273 928 5331 essem
942 5261 1057 5330 fausta
1077 5272 1112 5330 et
1128 5260 1257 5332 felicia.

367 5397 570 5466 Secundum
588 5393 696 5481 baec,
718 5398 824 5490 legati
841 5399 952 5491 ipsius
964 5398 1086 5469 Caroli
1104 5401 1258 5492 Mogun·

254 5498 316 5568 tis
332 5511 547 5582 evocantur,
574 5501 637 5593 qui
655 5525 787 5592 magno
809 5498 949 5572 bonore
969 5504 1124 5599 excepti,
1149 5518 1257 5598 atque

221 5676 228 5695 ι
265 5600 307 5670 irt
317 5604 507 5674 comitium
522 5603 739 5714 introducti,
765 5609 896 5679 certius
916 5632 959 5676 ex
983 5605 1069 5699 ipsis
1083 5606 1258 5677 Electori·

1307 569 1373 641 bus¹
1390 585 1627 661 cognoscunt:
1655 571 1740 642 Divi
1757 574 1998 645 Maximiliaui
2021 587 2212 668 nepotem,
2238 577 2297 648 cu·

1308 674 1363 744 ius
1392 673 1460 764 ipsi
1490 674 1625 765 legatos
1653 677 1824 766 agebant,
1864 678 2000 749 cunctis
2028 678 2206 770 suffragiis
2230 679 2297 750 rite

1308 777 1481 859 electum,
1510 788 1546 845 et
1566 779 1811 851 renuntiatum
1829 804 1903 852 esse
1916 782 2167 852 Romanorum
2182 777 2299 874 Impe-

1306 891 1479 948 ratorem.
1525 877 1665 951 Deinde
1683 877 1833 951 adhibiti
1848 885 1888 954 in
1902 884 2091 955 consilium
2109 886 2155 953 ab
2171 885 2298 955 iisdem

1307 977 1534 1073 Principibus
1565 984 1799 1056 consuluntur
1825 990 1870 1055 de
1896 989 2127 1079 gubernanda
2151 986 2299 1079 lmperii

1308 1084 1633 1170 administratione,
1659 1092 1786 1172 donec,
1802 1090 1908 1160 rebus
1923 1091 1961 1160 in
1977 1090 2151 1182 Hispania
2168 1090 2299 1161 consti·
2352 1087 2354 1094 ’

1308 1188 1413 1271 tutis,
1440 1187 1590 1259 Carolus
1603 1190 1640 1257 in
1654 1189 1889 1261 Germaniam
1904 1193 2054 1263 veniret.
2108 1191 2202 1263 Nam
2219 1194 2297 1284 ipso

1308 1290 1435 1381 procul
1464 1291 1609 1360 absente
1641 1294 1864 1364 efficiendum
1897 1309 1994 1380 eret,
2038 1309 2078 1365 ut
2101 1295 2297 1365 Germania

1308 1391 1503 1486 tranquilla
1533 1406 1645 1475 esset,
1681 1418 1771 1464 neve
1794 1397 1953 1470 Gallicae
1979 1398 2152 1468 flectiones
2179 1411 2298 1468 motus

1307 1495 1347 1564 in
1361 1495 1556 1565 Germania
1578 1497 1786 1568 excitarent.

1411 1596 1577 1667 Deiectus
1600 1612 1652 1668 est
1667 1599 1777 1690 igitur
1791 1599 1986 1670 Casimirus
2004 1598 2167 1670 Marchio
2182 1601 2299 1669 Bran·

1308 1701 1584 1791 denburgensis,
1611 1702 1674 1796 qui
1696 1703 1854 1794 legiones
1869 1705 1974 1773 certis
1990 1703 2027 1771 in
2044 1704 2131 1772 locis
2147 1703 2299 1772 colloca⁴

1308 1815 1362 1872 tas
1384 1800 1534 1873 haberet
1555 1803 1594 1871 in
1618 1806 1825 1895 praesidiis,
1868 1819 1902 1876 et
1924 1807 2070 1875 duceret
2093 1805 2300 1887 exercitum,
2322 1794 2325 1807 ”

1308 1906 1338 1977 si
1353 1929 1423 1999 qua
1441 1906 1524 1974 belli
1539 1909 1686 1996 gerendi
1698 1909 1889 1979 necessitas
1904 1908 2089 1978 incideret.
2131 1907 2301 1978 Adiuncti

1308 2020 1392 2078 sunt
1418 2008 1600 2078 Electores
1627 2011 1734 2094 certi,
1775 2035 1930 2106 quorum
1956 2012 2105 2082 consilio
2128 2023 2300 2088 uteretur.

1307 2111 1372 2182 His
1395 2114 1502 2183 rebus
1526 2113 1747 2196 constitutis,
1789 2115 1896 2205 legati
1920 2114 2169 2196 dimittuntur,
2209 2135 2300 2207 quos
2367 2176 2371 2190 ‚

1308 2216 1528 2285 discedentes
1564 2217 1744 2307 prosecuti
1787 2230 1870 2286 sunt
1905 2218 2085 2309 principes
2118 2213 2300 2285 Electores

1307 2342 1420 2411 usque
1435 2316 1674 2407 Moguutiam.
1726 2316 1812 2387 lnde
1828 2319 2127 2389 francofordiam
2153 2316 2301 2401 reversi,

1307 2443 1390 2491 suos
1414 2431 1450 2487 et
1472 2418 1541 2510 ipsi
1562 2419 1698 2510 legatos
1720 2445 1801 2488 cnm
1824 2421 1937 2490 literis
1962 2423 2007 2489 ad
2024 2419 2194 2490 Carolum
2218 2421 2300 2488 mit-

1308 2533 1401 2603 tunt,
1422 2521 1522 2591 cuius
1537 2520 1726 2611 legationis
1734 2521 1951 2606 Fridericus,
1972 2519 2301 2604 Palatinusllbeni,
2364 2513 2371 2522 ’

1307 2623 1508 2716 principem
1535 2624 1656 2692 locum
1687 2624 1882 2694 obtinebat.
1949 2621 2089 2694 Interea
2117 2622 2301 2694 electionis

1306 2726 1425 2796 nuntii
1458 2726 1618 2816 magnis,
1656 2727 1795 2797 diurnis
1826 2727 2084 2822 nocturnisque
2111 2726 2300 2796 itineribus

1308 2830 1346 2899 in
1360 2827 1572 2921 Hispaniam
1590 2832 1829 2899 contendunt:
1856 2855 1877 2899 e
1900 2830 2030 2923 quibus
2054 2854 2148 2901 unus
2169 2828 2300 2899 eximia

1307 2931 1487 3000 celeritate
1509 2944 1669 3001 caeteros
1691 2945 1937 3017 antevertens,
1954 2956 2071 3002 nono
2096 2933 2154 3003 die
2176 2931 2301 3001 Barci-

1306 3058 1393 3104 num
1411 3033 1536 3127 (vulgo
1548 3032 1797 3105 Barsellonam
1814 3038 1962 3131 vocant)
1975 3035 2160 3126 pervenit,
2186 3059 2228 3104 ex
2244 3057 2301 3118 eo,

1308 3161 1380 3230 quo
1405 3135 1664 3206 Francofordia
1688 3140 1868 3229 proiectus
1891 3151 1962 3208 est:
1994 3161 2148 3230 cumque
2164 3138 2299 3205 laetum

1307 3252 1588 3334 exoptatumque
1615 3241 1782 3311 nuntium
1808 3240 1892 3311 illuc
1919 3239 2111 3324 attulisset,
2146 3235 2165 3307 d
2189 3238 2300 3329 Rege,

1308 3367 1413 3436 quem
1430 3343 1469 3411 in
1486 3340 1649 3412 cubiculo
1667 3366 1774 3413 mane
1795 3339 1912 3413 adbuc
1936 3343 2176 3437 quiescentem
2199 3342 2300 3411 inve-

1306 3446 1373 3530 nit,
1382 3468 1514 3536 magno
1531 3447 1611 3515 auri
1626 3448 1786 3539 pondere
1802 3448 1957 3516 donatus
1973 3457 2036 3517 est.
2062 3443 2301 3517 Necl'rideri-

1308 3548 1563 3618 cusPalatinus
1571 3548 1720 3640 longam
1736 3551 1776 3618 in
1791 3550 1920 3619 itinere
1937 3549 2182 3619 moramlecit.
2204 3549 2299 3621 Naro

1307 3651 1426 3744 pridie
1441 3650 1834 3723 CalendasDecembris
1847 3654 1974 3722 eodem
1992 3651 2156 3744 pervenit
2165 3660 2180 3730 ς’
2202 3674 2300 3721 cum-

1308 3779 1378 3849 que
1403 3756 1448 3822 ad
1471 3754 1598 3823 urbem
1622 3757 1805 3825 accederet
1826 3755 2095 3839 Barsellonam,
2120 3752 2219 3839 Rex,
2241 3774 2301 3822 co-

1308 3858 1408 3948 gnito
1436 3857 1511 3926 eius
1537 3859 1713 3944 adventu,
1745 3861 1790 3928 ad
1814 3860 1882 3928 tria
1905 3860 2019 3929 sermo
2043 3856 2213 3926 milliaria
2238 3858 2300 3926 ob-

1308 3962 1405 4029 viam
1421 3960 1454 4028 ci
1468 3961 1652 4050 processit.
1703 3961 1847 4053 Legatis
1861 3963 2014 4053 benigne
2029 3972 2065 4030 et
2078 3961 2229 4031 comiter
2241 3983 2300 4028 ex-

1309 4063 1439 4155 ceptis,
1472 4062 1581 4155 inque
1605 4063 1778 4156 oppidum
1805 4065 2037 4148 introductis,
2070 4060 2301 4151 literaelicgi

1310 4167 1358 4235 ab·
1370 4164 1595 4235 Electoribus
1611 4166 1764 4257 scriptae
1779 4169 1990 4237 redduntur.
2042 4163 2083 4234 ln
2099 4165 2211 4275 liteqis
2226 4163 2301 4253 pri·

1309 4293 1408 4338 mum
1437 4268 1554 4336 inerat
1576 4270 1874 4338 commemoratio
1894 4267 2167 4339 benevolentiae
2192 4263 2301 4334 Prin·

1309 4371 1429 4462 cipum
1446 4394 1528 4461 erga
1547 4370 1737 4454 Carolum,
1765 4386 1800 4441 et
1815 4371 1934 4441 officii.
1985 4369 2075 4440 Cum
2096 4381 2215 4438 autem
2229 4364 2301 4436 lm·
2320 4356 2323 4369 ¹

1309 4473 1412 4565 peria,
1441 4474 1516 4542 fato
1546 4486 1735 4564 regantur,
1773 4476 1972 4543 narrabant
2003 4472 2175 4543 divinitus
2205 4467 2300 4540 hanc

1310 4577 1519 4646 electionem
1554 4578 1790 4667 gubernatam
1823 4600 1923 4659 esse,
1972 4589 2013 4645 ut
2043 4574 2316 4665 suffragiorum-

1310 4680 1560 4762 concordiam,
1594 4692 1629 4748 et
1651 4679 1839 4749 universae
1861 4678 2081 4750 Germaniae
2106 4690 2189 4746 vota
2216 4698 2300 4745 con-

1310 4782 1496 4853 sentientia
1514 4783 1760 4851 ostenderent:
1795 4782 1859 4853 etsi
1877 4782 1946 4875 ipsi
1960 4783 2068 4854 etiam
2084 4780 2217 4851 iudicio
2233 4802 2299 4850 suo

1310 4888 1352 4954 de
1370 4885 1526 4967 familia,
1552 4886 1668 4979 deque
1686 4885 1796 4976 ipsius
1813 4885 1964 4968 virtute,
1989 4884 2170 4955 neminem
2193 4894 2300 4974 puta-

1309 4988 1382 5057 rint
1398 4988 1467 5079 ipsi
1483 4988 1752 5057 anteferendum
1765 4987 1885 5058 luisse.
1936 4988 2029 5058 Huic
2048 4986 2205 5057 orationi
2220 5008 2300 5077 gra-

1310 5091 1401 5159 viter
1426 5092 1577 5183 scriptae
1601 5090 1737 5161 adiecta
1761 5103 1840 5161 erat
1860 5090 2007 5181 petitio,
2040 5103 2081 5160 ut
2103 5086 2299 5181 Imperium

1309 5195 1384 5264 sine
1405 5195 1626 5265 recusatione
1642 5194 1834 5284 acciperet,
1860 5206 1896 5262 et
1912 5194 2113 5265 constitutis
2135 5192 2241 5264 rebus
2259 5212 2301 5258 m

1309 5288 1501 5390 Hispania,
1527 5310 1684 5368 maturet
1705 5296 1774 5368 iter
1796 5297 1834 5365 in
1850 5297 2096 5367 Germaniam.
2149 5292 2299 5383 Carolus

1310 5403 1463 5493 acceptis
1481 5414 1514 5470 et
1530 5402 1628 5472 lectis
1647 5400 1780 5486 literis,
1807 5425 1886 5471 cum
1905 5401 2122 5470 existimaret
2140 5420 2177 5466 se
2196 5393 2298 5487 quasi

1310 5504 1431 5572 divina
1448 5529 1536 5573 voce
1552 5518 1653 5573 tanto
1678 5529 1852 5575 consensu
1873 5504 1983 5573 totius
2002 5501 2140 5594 patriae
2163 5492 2299 5577 vocari,

1311 5607 1375 5678 etsi
1392 5608 1557 5692 videbat,
1584 5620 1719 5702 quanta
1735 5632 1858 5695 rerum
1872 5607 1986 5676 moles
2000 5603 2067 5676 sibi
2089 5599 2300 5693 imponeba-
