5125 6525
385 465 460 557 tol
864 497 866 501 ·
978 466 1100 537 anu.
1128 465 1241 542 uun.
1267 463 1478 539 semera
1497 459 1837 533 autonomon.
2358 461 2441 542 ως

391 643 537 712 lteierta
569 638 924 709 sceleratissimorum
956 635 1158 709 hominum.
1195 708 1197 711 ,
1226 637 1387 729 Cupidus
1435 642 1493 704 ra.
1562 633 1690 705 Fessus
1721 657 1837 704 cursu.
1902 632 2034 704 Laetus
2065 630 2225 719 honore,
2267 637 2440 728 imperio,

390 746 492 817 lucri.
545 740 665 842 [Virg.
681 740 770 812 Aen.
784 738 812 825 l,
832 738 964 845 332.]:
1005 740 1153 834 lguarus
1177 737 1387 812 hominum·
1437 739 1535 831 apud
1560 736 1763 830 Virgilium.
1834 735 2032 807 Contentus
2060 740 2195 830 paucis.
2255 738 2440 811 Nonnun-

389 873 459 944 que
472 849 720 939 locorumque.
762 844 895 917 Fidens
912 844 1037 915 animi.
1086 844 1253 920 Necsum
1271 844 1384 913 animi
1437 866 1546 936 quam
1574 840 1695 933 gravis
1721 863 1803 908 aere
1829 841 1977 911 domum
2007 838 2098 910 mihi
2127 845 2252 913 dextra
2279 845 2438 916 redibat.

388 950 530 1021 dubius.
594 948 738 1018 Peritus
763 948 859 1017 belli.
928 943 1049 1044 [Virg.
1073 946 1164 1017 Aen.
1187 948 1232 1031 X,
1255 943 1382 1046 843.]:
1435 943 1571 1016 Potens
1594 942 1766 1037 pecunia,
1793 955 1828 1011 et
1842 942 1977 1015 Potens
1998 968 2018 1013 a
2040 945 2205 1036 pecunia.
2255 946 2438 1040 Praeceps

385 1054 565 1143 Praesaga
592 1075 694 1138 meus
716 1051 814 1119 mali.
869 1047 975 1147 [ibid.
990 1046 1082 1131 Vlll,
1098 1046 1224 1152 680.]:
1258 1052 1384 1122 Ambi-
1436 1049 1646 1119 ambitione.
1716 1044 1774 1116 Sic
1805 1058 1840 1115 et
1870 1048 1982 1142 prbus
2013 1049 2234 1140 parentibus.
2308 1048 2438 1123 Livius

387 1181 476 1249 gnus
492 1152 673 1252 iuturi¹⁰).
725 1153 866 1221 Memor
883 1152 1081 1244 praeteriti.
1434 1148 1564 1251 [XXIL
1585 1147 1661 1250 2.]:
1705 1148 1863 1218 Annibal
1893 1173 1998 1248 aeger
2026 1152 2138 1221 oculis
2163 1177 2206 1221 ex
2238 1178 2353 1224 verna
2382 1156 2436 1224 in-

425 1342 428 1345 ,
490 1255 547 1329 Sic
564 1271 599 1328 et
620 1255 809 1347 participia
834 1256 1025 1350 pleraque,
1059 1281 1141 1328 cum
1164 1260 1383 1348 degenerant
1436 1256 1625 1347 temperie.
1679 1251 1823 1324 Cicero:
1855 1251 1971 1345 Aeger
1981 1252 2027 1348 ¹9)
2046 1255 2208 1346 pedibus.

313 1391 319 1397 ·
386 1364 425 1433 in
443 1361 612 1440 nomina,
640 1370 675 1427 et
689 1360 881 1427 verborum
900 1384 1001 1430 casus
1018 1360 1201 1444 amittunt,
1228 1374 1283 1432 ut:
1310 1360 1382 1431 Fu·
1538 1356 1726 1439 lmmuuis,
1753 1356 1891 1428 alienus
1907 1359 2045 1426 addunt
2061 1359 2362 1451 praepositiones,
2381 1375 2436 1432 ut:

331 1497 335 1503 ·
386 1468 503 1557 gitans
526 1462 656 1531 litium.
726 1460 883 1553 Cupiens
908 1463 1093 1554 pecuniae.
1159 1464 1304 1534 Patiens
1326 1465 1381 1532 in·
1432 1456 1608 1531 lmmunis
1625 1485 1644 1529 a
1661 1459 1769 1532 bello.
1821 1459 2010 1529 Alienusa
2037 1486 2107 1533 me.
2162 1461 2329 1556 Etapud
2347 1463 2437 1534 Cor-

385 1567 499 1638 ediae.
550 1564 741 1634 Pertaesus
763 1569 887 1633 taedae
911 1578 947 1634 et
968 1562 1130 1636 thalami.
1182 1567 1276 1638 Nam
1301 1592 1381 1658 per·
1431 1563 1567 1633 nelium
1599 1558 1733 1662 [Tacit.
1747 1563 1847 1659 Ηίεῑ.Ι
1860 1559 1889 1649 l,
1907 1556 2005 1660 86.]:
2048 1563 2192 1637 Vacuus
2222 1591 2242 1653 a
2272 1568 2437 1660 periculo
2476 1602 2478 1605 ·

385 1682 504 1740 taesus
535 1663 756 1749 thalamum,
799 1669 939 1759 patiens
971 1669 1147 1752 inediam,
1189 1670 1379 1763 participia
1432 1665 1575 1755 animus
1596 1667 1676 1764 suit.
1711 1666 1855 1737 Vacuus
1875 1669 1920 1737 ab
1939 1669 2044 1751 odio,
2072 1681 2108 1737 et
2123 1692 2256 1741 vacuus
2272 1670 2338 1741 ira.
2376 1671 2438 1742 Ci-

331 1792 337 1799 ·
387 1771 491 1856 sunt,
517 1793 584 1840 nec
600 1770 801 1862 significant
819 1768 906 1853 ἕξιν.
1141 1761 1148 1770 ’
1432 1792 1534 1838 cero:
1576 1767 1668 1840 Cum
1690 1795 1813 1846 sumus
1836 1771 2044 1841 necessariis
2067 1773 2239 1863 negotiis,
2265 1774 2436 1869 curisque

489 1873 587 1944 Reus
605 1874 801 1965 genitivum
819 1874 1001 1957 adsciscit,
1028 1888 1083 1944 ut:
1113 1876 1209 1946 Reus
1222 1876 1321 1946 lurti.
1387 1944 1389 1947 ,
1432 1865 1560 1964 vacui.
1604 1873 1778 1966 Salustius
1800 1869 1984 1973 [Iugurth.
1999 1901 2030 1947 c.
2048 1871 2146 1973 95.]:
2174 1875 2269 1967 Ager
2288 1879 2433 1970 frugum

488 1976 558 2048 Sed
579 1973 657 2059 his,
685 2000 777 2070 quae
801 1979 944 2069 copiam
965 1977 1184 2069 significant,
1218 1978 1380 2060 invenies¹
1432 1999 1576 2047 vacuus.
1956 2067 1960 2076 ἱ

387 2081 495 2200 epiam
525 2081 701 2149 ablativos
724 2080 850 2163 adiici,
887 2093 927 2151 ut
942 2081 1086 2169 Cicero:
1123 2082 1244 2175 Copiis
1268 2083 1382 2152 abun·
1536 2079 1700 2170 Dignus,
1727 2080 2160 2175 indignus‚simpliciter
2178 2084 2435 2155 ablativosad-

387 2186 488 2254 dans.
536 2182 708 2275 Virgilius
725 2179 950 2281 [Georg.lV,
970 2182 1094 2283 181.]:
1123 2186 1236 2256 Crura
1255 2182 1381 2279 thymo
1434 2182 1588 2253 sciscunt
1605 2179 1953 2282 [Horat.Carm.lV‚
1967 2187 2003 2269 8,
2017 2184 2121 2285 28,];
2149 2186 2308 2279 Dignum
2325 2190 2434 2260 laude

387 2288 506 2381 plena.
1435 2286 1553 2355 virum
1573 2286 1675 2357 Musa
1694 2300 1792 2356 vetat
1809 2289 1915 2357 mori.

701 2454 873 2526 Octava
901 2457 1071 2550 regula.
1667 2446 1957 2578 'Undecima
1987 2477 2159 2567 regula.

429 2644 431 2649 -
490 2593 643 2663 Dativos
660 2594 874 2679 adsciscunt,
899 2620 991 2690 quae
1006 2596 1292 2682 similitudinem,
1315 2597 1385 2667 uti·
1539 2609 1672 2691 Variae
1704 2611 1840 2699 figurae
1866 2625 1953 2686 sunt
1973 2612 2225 2705 descriptionis
2247 2615 2435 2698 laudandi,

390 2698 548 2780 litatem,
574 2695 781 2765 facilitatem
797 2697 1019 2789 significant,
1045 2713 1101 2771 ut:
1127 2699 1238 2771 Fidus
1255 2701 1386 2772 amicos
1436 2727 1499 2785 aut
1520 2714 1762 2805 vituperandi.
1828 2716 1898 2785 Sed
1927 2716 2092 2786 ablativis
2114 2715 2236 2786 Latini
2265 2720 2434 2789 libentius

389 2801 537 2871 Amicus
553 2800 710 2869 Caesari.
757 2800 835 2868 ·Par
851 2801 1024 2872 Homero.
1076 2803 1248 2894 Virgilius
1274 2801 1384 2902 [Aen.
1409 2862 1411 2901 3
1437 2817 1609 2900 misum,
1636 2831 1692 2894 us:
1724 2817 1850 2888 Puella
1876 2820 1978 2890 vultu
2002 2821 2177 2891 modesto,
2227 2820 2312 2893 Dici
2335 2824 2432 2894 enim

392 2896 598 2997 x1,541.]:
625 2900 725 2971 Nulli
748 2914 910 2972 velerum
931 2906 1065 2974 villule
1091 2908 1278 2977 secundus·
1331 2907 1385 2976 Sl·
1408 2910 1412 2976 l
1436 2917 1652 3012 poterat-²5:
1678 2917 1802 2990 Puella
1819 2922 1939 3019 vultus
1953 2925 2128 3006 modesti,
2156 2939 2191 2994 et
2205 2925 2331 2996 Puella
2356 2951 2435 2997 mo·

394 3004 587 3074 millimum
603 3002 682 3072 Deo
701 3004 832 3076 iudico.
921 3095 924 3100 .
1026 3083 1029 3088 ⁴
1289 3089 1291 3094 ,
1438 3024 1684 3108 destavultu,
1718 3036 1753 3095 et
1775 3026 1937 3096 modesta
1963 3027 2122 3110 vultum,
2149 3027 2435 3125 συνεκδοχικῶς.

496 3109 566 3178 Sed
587 3106 714 3178 similis
739 3107 848 3176 etiam
865 3109 1042 3200 genitivos
1060 3112 1224 3182 adsciscit
1232 3110 1301 3207 ¹⁷),
1327 3124 1384 3181 ut:
1408 3141 1412 3230 q
1437 3124 1879 3225 siccolumelta[lib.V1,
1897 3125 2045 3227 c.37.]:
2073 3133 2202 3203 Asinus
2222 3136 2435 3225 amplissimi

393 3207 481 3285 Eius
499 3211 643 3282 virtutis
657 3235 788 3282 munus
802 3207 872 3283 hoe
888 3226 940 3285 est
956 3214 1145 3306 proprium
1158 3213 1217 3308 ¹⁸).
1384 3290 1386 3295 .
1438 3228 1619 3322 eorporis,
1648 3232 1785 3301 cervice
1811 3232 1942 3305 valida.
2002 3234 2145 3305 Cicero:
2179 3235 2267 3307 Erat
2289 3238 2433 3309 hahrma

723 3383 850 3454 Nona
877 3348 1052 3476 ieglssaa
1437 3332 1642 3404 valetudine
1657 3330 1814 3406 habitus.

420 3511 426 3523 ’
493 3504 1142 3607 Adiectiva‚Graecacousuetudine,
1166 3525 1386 3597 accusativos
1534 3584 1547 3609 .,
1569 3592 1572 3597 ,
1593 3584 1605 3610 2.
1695 3520 1975 3615 D'podecima
2002 3528 2173 3619 regula.

390 3623 697 3697 substantivorum
713 3626 932 3707 adsciscunt,
965 3640 1023 3698 ut:
1058 3627 1163 3698 Nuda
1179 3652 1289 3720 genu.
1313 3628 1388 3699 =-Et
1458 3610 1466 3621 Ι

394 3724 552 3815 glacialis
579 3719 707 3817 hyems
735 3750 843 3797 canos
873 3724 1019 3813 hirsuta.
1043 3731 1202 3822 capillos.
1265 3728 1387 3828 [Virg.

392 3826 484 3923 Aen.
499 3821 703 3929 IV‚·558.]:
740 3827 873 3924 Omnia
893 3831 1074 3907 Mercurio
1097 3833 1223 3909 similis
1245 3857 1387 3921 vocem-

392 3954 462 4032 que
480 3927 723 4024 coloremque.
874 3926 879 3949 ¹

1440 3706 1465 3735 ,.
1511 3693 1527 3719 .·
1542 3658 1654 3738 Varia
1670 3672 1723 3731 est
1739 3661 1897 3754 syntaxis
1909 3665 2009 3733 vocis
2026 3688 2128 3753 opus,
2155 3669 2216 3736 sed
2236 3669 2431 3739 ablativum

1438 3764 1581 3853 saepius
1590 3762 1787 3847 ··adsciscit,
1803 3777 1859 3834 ‘ut
1881 3764 2026 3837 Cicero:
2063 3768 2164 3859 Opus
2190 3785 2242 3841 est
2264 3769 2347 3842 huic
2370 3786 2432 3841 tuo

1440 3864 1606 3937 iudicio..
1656 3865 1929 3961 Nonnunquam
1963 3873 2145 3962 praecedit
2178 3876 2433 3957 nominativus,

689 4032 731 4048 ,,
954 4031 964 4060 ,
1260 4039 1269 4055 ‚
1438 3966 1522 4038 Dux
1540 3981 1574 4038 et
1591 3981 1697 4040 autor
1710 3971 1814 4040 nobis
1830 3980 1928 4064 'opus
1953 3987 2015 4043 est.
2070 3975 2207 4045 Rarum
2229 3993 2301 4061 est,
2333 3978 2434 4071 Opus

495 4033 732 4102 Grammatrcr
761 4030 992 4131 συνεκδοχην
1021 4051 1218 4123 vocarunt,
1258 4042 1388 4125 idest,
1441 4071 1618 4143 estnobis
1644 4069 2063 4175 hancrem·wfflmm
2088 4081 2370 4173 apludplaumm
2398 4084 2436 4150 in

319 4158 327 4167 ’
378 4132 764 4251 ῬΟΠῙΡῙΕῙῙΕΜῙΟΠΕΨ·
788 4136 791 4143 ¹
817 4133 1113 4261 slsslfficalenim·
1127 4143 1388 4263 ¹¹⁰¹¹¹⁶¹¹¹⁰fi¹ss
1440 4174 1623 4248 Asinaria:
1656 4173 1795 4269 Viginli
1811 4177 1886 4247 'iam
1904 4206 1987 4250 usus
2004 4195 2055 4251 est
2071 4184 2145 4253 lilio
2160 4184 2295 4275 argenti
2310 4184 2436 4256 minis.

393 4240 439 4309 ad
456 4253 596 4331 partem
613 4252 753 4322 tautum
773 4243 910 4315 retem.
963 4243 1054 4314 Cum
1078 4247 1175 4323 drco;
1211 4243 1388 4340 Aethiops
1492 4305 1511 4323 .,
1603 4314 1609 4327 ,
1661 4320 1663 4325 ,
1714 4300 1716 4307 .
1908 4287 1967 4317 κ.
2131 4284 2134 4289 ·

361 4342 494 4415 ‘albus
530 4345 673 4428 dentes,
718 4369 850 4416 nomen
885 4347 985 4417 albus
1019 4360 1136 4418 totum
1170 4346 1386 4445 Aethiopem
1615 4424 1618 4430 .
1659 4369 1846 4442 Decima
1875 4376 2014 4446 sertia
2044 4360 2214 4471 {sigula

390 4446 585 4538 significat,
628 4472 752 4518 verum
785 4449 877 4544 quia
902 4453 1124 4523 accusativus
1153 4456 1277 4526 dentes
1306 4457 1388 4527 sub·
1966 4470 1971 4483 ‘

391 4548 530 4633 iicitur,
567 4555 802 4646 detorquetur
834 4556 1144 4633 etnomiuativus
1173 4571 1313 4629 tantum
1341 4561 1387 4630 ad

392 4664 544 4742 partem.

1526 4497 1711 4601 ¹Figuram
1743 4492 1988 4608 upddedw'l)
2025 4517 2210 4604 dixerunt,
2254 4544 2334 4590 cum
2362 4520 2434 4590 duo

1439 4601 1660 4683 substantiva
1677 4615 1801 4683 eodem
1819 4641 1904 4689 casu
1917 4623 2198 4711 coniunguntur,
2222 4620 2292 4693 hoc
2309 4625 2433 4693 modo:

1029 4785 1032 4789 ,
1439 4713 1675 4819 Effodiuntur
1696 4742 1794 4809 opes,
1821 4720 2045 4793 irritamenta
2066 4728 2259 4799 malorum.
2311 4729 2447 4799 Poste?

697 4822 882 4896 Decima
909 4830 1081 4920 regula.
1244 4854 1247 4859 ·
1401 4854 1404 4863 ·
1439 4818 1514 4889 rius
1524 4819 1790 4890 'substantivum
1808 4823 2014 4896 declarandi
2031 4836 2139 4926 causa*¹
2148 4826 2311 4923 accessit,
2332 4833 2437 4922 ideo·

495 4956 682 5031 Ablativus
714 4962 943 5033 instrumenti
969 4922 1156 5041 subiicitur
1190 4969 1294 5049 certis
1322 4964 1393 5040 adss'
1440 4925 1786 5043 quipl⁰pim⁰llum
1804 4926 1923 4997 induli
1948 4932 2114 5005 ³di²⁰livi
2137 4949 2318 5008 mmmm‘
2379 4936 2436 5005 sle

394 5061 550 5146 iectivis',
578 5076 633 5132 ut:
668 5058 977 5161 Clarusingenio‚
1005 5070 1126 5143 armis.
1179 5046 1310 5144 Lassus
1328 5047 1405 5143 cu-'i
1439 5025 1612 5147 H⁰i³l¹⁰⁸
1636 5024 1811 5147 [Ellm‘l’
1831 5031 1983 5155 wll:
2017 5035 2063 5105 El
2085 5062 2196 5128 Vinus
2219 5053 2255 5108 el
2278 5041 2433 5110 immam

1209 5176 1231 5185 --
1363 5181 1400 5187 ...
1439 5153 1562 5222 regina
1583 5154 1734 5227 pecunia
1754 5136 1885 5219 dunat,
1912 5143 1948 5205 ul
1970 5150 2042 5223 est,
2067 5162 2235 5235 regnans.

1546 5232 1656 5326 Tellus
1674 5230 1872 5326 Nominum
1897 5232 2123 5334 Spumeus..
2138 5231 2150 5253 '¹

395 5225 602 5237 —-.-—-—n

426 5285 477 5384 is)
496 5317 606 5386 futuru]
626 5322 674 5372 nu.
693 5302 863 5377 nassum.
1519 5374 1521 5381 .
1651 5391 1655 5399 ,

429 5404 472 5471 17)
490 5404 648 5474 adsciscis]
668 5409 715 5458 Ed.
732 5400 806 5459 1529.
823 5398 915 5458 'motez
940 5411 1082 5477 absciscit,
1444 5430 1649 5443 ---·--
1751 5442 1798 5461 .·

430 5491 950 5625 talamana.”mallabat
972 5496 1126 5619 lutatii
1146 5497 1316 5619 Elatia
1339 5501 1387 5619 llll
1477 5531 1521 5594 19)
1540 5533 1648 5597 n...]
1667 5534 1718 5588 ¹³⁴¹·
1733 5535 1810 5591 ’ὅτι
1827 5540 1930 5602 seru·
1956 5594 1958 5602 .

463 5632 614 5692 proprium.
658 5633 695 5680 Et
713 5629 825 5682 Cicero:
851 5633 919 5680 llius
939 5633 1052 5684 virtutis
1073 5648 1171 5687 munus
1187 5638 1239 5688 boc
1257 5640 1302 5687 est
1319 5648 1388 5703 pro·
1464 5620 1679 5689 ami-imilla]
1698 5623 1746 5687 ffl-
1763 5623 1838 5683 ¹5³⁹·
1856 5630 1959 5694 P⁰l⁰⁸h
2074 5675 2077 5681 ι

461 5700 558 5760 prtum.
1071 5742 1087 5751 ..
1327 5744 1330 5753 .
1474 5705 1525 5771 it)
1542 5702 1691 5774 πρόθεσιν]
1712 5711 1852 5773 [ΜΨ.
1869 5716 2071 5780 multione·
