5125 6525
153 238 254 376 ess

279 469 347 542 Νιο
362 466 491 536 variat.
543 466 616 534 Aut
642 466 736 534 enim
763 466 876 535 anteit
896 461 1063 535 thematis
1086 461 1170 534 cha·

176 588 350 646 racterem
368 564 502 664 syllaba
521 569 657 651 brevis,
691 582 731 636 ut
753 565 891 662 κρίνω,
917 593 985 637 nec
1010 568 1169 637 extendi-

176 696 236 750 tur
262 674 495 768 praeteritum
521 670 701 762 passivum
729 684 852 739 contra
879 695 986 761 supra
1012 672 1167 762 positam

175 779 361 872 regulam,
389 788 428 845 ut
449 770 632 868 κέκριμαι.
692 772 766 841 Aut
789 773 901 841 anteit
925 776 1055 863 longa,
1070 861 1074 874 Ι
1092 787 1168 842 tum

174 887 237 955 fiet
254 895 289 950 et
304 877 487 970 passivum
506 876 739 972 praeteritum
758 876 927 966 longum,
959 872 1087 971 φαίναί
1107 872 1170 947 πέ-

175 1007 309 1087 φαγκα
339 978 556 1077 πέφαμμαι,
597 976 731 1069 κάμνω
758 975 988 1076 κεκοίμημαι,
1025 976 1169 1046 aliunde

174 1088 340 1182 petitum.
402 1082 460 1152 Sic
485 1093 622 1148 caetera
645 1081 837 1174 pleraque,
870 1105 961 1172 quae
987 1106 1017 1172 μ
1038 1093 1119 1149 ante
1138 1106 1170 1151 ω

91 1169 102 1191 ⁸
175 1187 324 1261 habent.
383 1184 539 1253 Aliunde
561 1182 657 1250 enim
683 1206 723 1251 ea
749 1183 942 1272 praeterita
966 1182 1034 1253 sibi
1056 1182 1170 1251 adsci-

177 1305 300 1373 scunt,
328 1301 363 1358 et
379 1288 416 1354 in
434 1298 566 1357 sextam
584 1285 875 1375 coniugationem
892 1285 1104 1368 deflectunt,
1131 1297 1171 1353 ut

177 1392 301 1488 νέμω,
327 1385 532 1483 νενέμηκα,
556 1384 761 1480 νενέμημαι
775 1385 833 1484 ⁶⁶).

586 1540 681 1609 Sex
697 1554 711 1609 t
729 1565 761 1610 a.

281 1677 323 1747 ln
342 1689 440 1748 sexta
467 1677 737 1767 coniugatione,
773 1677 803 1746 si
826 1677 1059 1767 praeteritum
1085 1676 1169 1744 acti-

180 1806 265 1852 vum
281 1804 331 1853 κα
344 1782 450 1871 longa
467 1780 700 1871 penultimat‚
727 1775 817 1847 nihil
834 1782 924 1848 adde
941 1784 996 1875 τῷ
1009 1804 1102 1871 μαι,
1129 1792 1170 1850 ut

179 1879 361 1978 πεποίηκα
375 1882 422 1973 ⁶⁰)
438 1877 660 1974 πεποίημαι,
694 1877 936 1955 πεπολίτευκα
954 1878 1168 1954 πεπολίτευ-

177 2012 261 2079 μαι.
320 1984 451 2075 Excipe
484 1982 684 2078 q'xovzoffl)
714 1982 913 2078 ἤκουσμαι.
977 1984 1041 2054 Sin
1068 1984 1170 2053 brevi

158 2086 411 2180 ‚penultimat‚
439 2109 463 2157 σ
477 2087 587 2169 adde,
613 2098 654 2154 ut
668 2082 816 2178 μέμυκα
832 2084 1048 2181 μέμυσμαι,
1072 2083 1169 2157 τετέ-

179 2194 266 2263 λεκα
280 2188 503 2282 τετέλεσμαι.

281 2289 328 2359 Et
341 2287 430 2360 haec
450 2292 494 2358 de
515 2290 632 2379 prima
649 2313 803 2378 persona
821 2288 1007 2378 praeteriti
1024 2289 1171 2378 passivi,

177 2394 218 2461 in
239 2418 312 2488 quo
336 2394 530 2460 formando
556 2392 728 2460 versabor
753 2389 907 2470 diutius,
943 2391 1040 2479 quod
1063 2414 1105 2457 ex
1128 2413 1169 2456 eo

177 2496 285 2585 longe
299 2495 454 2584 plurima
473 2492 632 2560 verbalia
649 2490 797 2558 nomina
816 2490 991 2558 oriantur.

520 2637 686 2736 Τέτυψαι
711 2638 832 2708 unde?

283 2777 446 2846 Secunda
477 2787 631 2864 persona
663 2774 901 2864 paracetmeni
930 2776 1064 2864 passivi
1088 2772 1171 2845 cha·

179 2851 435 2949 racferisticam
454 2877 566 2945 futuri
584 2876 652 2945 sihi
670 2875 803 2945 adserit
819 2900 883 2965 per
902 2899 1027 2946 omnes
1047 2879 1171 2949 coniu-

180 2982 363 3074 gationes,
390 2992 431 3047 ut

177 3082 370 3184 γέγραψαι
525 3077 691 3151 πέπεισαι
844 3078 1003 3173 ἥκουσαι

178 3184 316 3268 λέλεξαι
527 3178 716 3279 πέφρασαι
844 3178 1052 3278 πεποίησαι.

283 3285 418 3377 Quinta
436 3284 640 3374 coniugatio
657 3284 783 3353 variat.
836 3284 928 3354 Nam
940 3285 987 3379 ⁶⁸)
1005 3309 1096 3378 quae
1119 3290 1171 3355 λαι

179 3402 243 3458 aut
259 3413 315 3483 ρω
328 3388 517 3470 desinunt,
543 3392 564 3455 λ
582 3400 616 3455 et
634 3411 656 3478 ρ
673 3400 836 3466 servant,
869 3411 910 3453 ac
935 3409 997 3457 σαι
1021 3389 1170 3454 addunt.

178 3489 345 3588 ἔφσλμαι
362 3488 541 3584 spatam,
569 3489 757 3581 ἔσπαρμαι
773 3484 965 3584 ἔσπαρσαι.

284 3609 386 3701 Quae
402 3634 457 3680 νω
477 3608 625 3689 finiunt,
661 3630 814 3700 quorum
837 3606 1028 3696 praeterita
1053 3605 1169 3673 activa

1144 3706 1156 3730 Ι

117 3793 120 3798 ,
179 3711 288 3800 longa
306 3711 565 3800 penultimam,
597 3734 622 3779 ν
644 3708 861 3800 servant⁵⁹),
896 3722 936 3777 ut
959 3702 1086 3804 φαίνω
1108 3732 1170 3779 πε-

181 3837 312 3911 φαγκα
321 3866 335 3900 ,
362 3809 560 3908 πέφαμμαι
578 3808 776 3905 πέφανσαι.
819 3812 970 3903 Reliqua
985 3836 1010 3882 ν
1027 3811 1170 3893 tollunt,

180 3911 331 4011 κέκρικα
347 3911 511 4010 κέκρισαι
525 3913 583 4006 ⁰⁰).

178 4072 393 4087 mnu-—

216 4166 265 4231 55)
286 4168 333 4218 εἰσ
350 4167 463 4216 caetera
480 4187 514 4199 —
533 4162 710 4229 νενέμηται]
729 4162 769 4212 εἰσ
786 4165 837 4217 Ed.
854 4165 945 4225 1542,
964 4163 1172 4214 1511511115ἳῖ

249 4237 366 4286 -1511,
383 4237 451 4283 naec
468 4236 519 4282 hoc
537 4234 643 4295 quidem
661 4235 722 4282 loco
738 4233 838 4282 desunt
852 4231 939 4297 (cont.
953 4246 1010 4294 seq.
1024 4234 1090 4281 nota
1102 4229 1170 4294 611).

248 4306 279 4355 ln
298 4303 450 4354 cenerarii
469 4303 554 4350 Editt.
573 4304 640 4350 naec
658 4304 786 4365 leguntur
805 4303 846 4350 sic
863 4303 983 4350 mutata:
1003 4301 1049 4349 sic
1066 4327 1101 4336 —
1118 4303 1171 4349 tra·

249 4375 331 4437 nent,
366 4372 452 4433 Quasi
479 4371 589 4419 aliunde
613 4370 684 4419 enim
702 4398 735 4410 -
760 4371 922 4432 deflectunt,
951 4372 1076 4420 assumto
1102 4385 1117 4428 η
1140 4371 1171 4418 ut

219 4502 223 4508 1
250 4441 386 4503 diximus,
418 4441 448 4487 nt
473 4438 564 4505 νέμω,
596 4436 747 4504 νενέμηκιι,
779 4436 948 4505 νινίμημαι,
981 4437 1068 4488 veluti
1093 4439 1171 4487 esset

248 4506 348 4576 τιμίω.

215 4610 263 4677 dd)
283 4611 436 4670 πεποίηκα]
455 4611 505 4657 Ed.
522 4609 597 4659 1538.
618 4612 674 4671 typ.
694 4568 768 4661 ern:
793 4609 913 4657 πεποίκα

215 4711 264 4769 57)
283 4706 400 4774 dcccxc]
420 4710 461 4759 sic
474 4710 557 4759 editt.
574 4711 659 4776 152²,
681 4711 766 4773 1511,
786 4708 879 4772 1557.;
898 4708 1031 4759 1151538.
1050 4703 1171 4769 ἤκουσας

248 4779 441 4835 5511111542..
462 4778 554 4837 1515,
574 4779 648 4826 idid.
667 4774 753 4838 ἤκουα
773 4780 817 4838 [at
835 4773 922 4841 η’κουτι
940 4791 995 4827 non
1008 4777 1036 4826 in
1050 4791 1102 4826 usu
1115 4779 1171 4838 est,

249 4850 299 4898 sed
316 4844 401 4910 ἧκοα,
432 4851 490 4896 att.
509 4840 627 4921 riniaco,
660 4848 725 4896 Dor.
745 4840 866 4907 ἄκουκα,
899 4852 926 4896 et
950 4858 993 4908 ap.
1019 4846 1171 4907 scriptores

248 4918 416 4981 posterioris
434 4917 535 4967 aetatis
555 4911 674 4976 ἤκοοιιας
700 4911 804 4976 ἥκουσα
822 4928 880 4966 cor.
898 4919 920 4966 1.
939 4918 1017 4973 est.].

215 5017 264 5083 58)
283 5022 367 5077 Nam]
386 5020 413 5067 in
430 5021 515 5069 Editt.
533 5016 723 5068 1522-1541.
743 5017 829 5066 deest.

215 5118 265 5184 59)
287 5123 416 5196 serrant]
435 5121 462 5169 ln
479 5123 529 5173 Ed.
547 5122 620 5171 1558.
641 5121 737 5171 omiss.

215 5220 265 5288 60)
284 5221 370 5272 Editt.
393 5223 669 5275 1522-1511.1ι.1.
690 5224 794 5272 addunt
817 5224 931 5272 haecce:
957 5220 1100 5285 Nondum,
1127 5221 1173 5270 in-

251 5293 347 5357 quies,
382 5291 526 5353 quidquam
549 5292 583 5339 de
607 5309 652 5358 μω
679 5293 872 5343 desinentibus.
909 5291 1027 5340 Aliunde
1047 5302 1116 5340 vero
1139 5303 1173 5340 ca

251 5361 303 5414 sibi
328 5360 481 5423 praeterita
508 5359 682 5423 adsciscunt,
712 5363 738 5411 in
758 5365 865 5411 sextam
883 5360 1103 5421 coniugationen
1122 5360 1172 5408 de·

250 5433 379 5488 flectunt,
412 5432 442 5478 ut
467 5426 541 5494 νέμω
566 5428 699 5497 νενέμηκα
718 5430 871 5498 νενέμημαι
889 5427 1047 5493 revincent.
1084 5427 1170 5493 (conf.

251 5503 377 5564 praeced.
397 5503 463 5550 nota
477 5498 545 5563 55).

702 289 824 365 XClV.
878 287 1204 364 cnnnnn‘ncn
1238 289 1446 363 GRAECA·
1465 286 1693 360 lN'l'EGRA.

2141 297 2213 370 106

1555 458 1730 532 τέτυπται
1756 461 1877 531 unde?

1324 595 1449 664 Tertia
1474 618 1628 686 persona
1645 618 1833 686 parassem.
1847 597 1979 689 passivi
1993 625 2054 671 ται
2072 602 2212 676 desinit.

1324 733 1476 803 Prima
1505 733 1721 824 Coniugatio
1738 761 1765 805 π
1789 747 1871 804 ante
1896 764 1958 808 ται
1982 740 2125 838 statuit,
2152 738 2214 838 μέ-

1220 863 1397 937 γραπται.

1325 957 1532 1026 Secunda
1563 956 1778 1047 Coniugatio
1795 984 1880 1029 κται
1894 960 1998 1044 facit,
2026 957 2198 1036 λέλεκται.

1322 1055 1481 1149 Tertia
1511 1075 1727 1166 coniugatio
1747 1098 1850 1163 σται,
1876 1092 1917 1148 ut
1933 1077 2116 1150 πέπισται.

1325 1194 1520 1286 Quarta,
1557 1193 1685 1265 Verbis
1716 1221 1770 1269 σω
1799 1199 1959 1268 futurum
1987 1195 2213 1282 habentibus,

1223 1320 1307 1370 σται
1328 1296 1434 1380 lacit,
1466 1310 1507 1366 ut
1526 1294 1749 1393 πέφρασται.
1803 1303 1854 1381 ξω
1868 1325 1954 1369 vero
1969 1327 2055 1373 κται
2070 1304 2150 1386 dat,
2173 1313 2214 1371 ut

1221 1398 1405 1493 α’ίρυκται,
1433 1412 1473 1468 ut
1494 1403 1589 1489 apud
1604 1399 1800 1470 Homerum
1825 1398 1885 1497 [ll.
1898 1399 1959 1487 lx,
1975 1400 2086 1499 61],
2109 1398 2211 1499 παρά

1221 1496 1370 1597 τάφρον
1385 1496 1559 1595 ὀρυκτήν.
1593 1501 1686 1572 Nam
1707 1505 1850 1572 verbale
1873 1499 2030 1602 ὄρυκτός
2050 1508 2094 1573 ab
2117 1504 2213 1600 ὤρυ-

1220 1628 1306 1676 κται
1325 1616 1388 1672 est.

1323 1737 1371 1805 ln
1390 1739 1561 1829 Quinta
1582 1746 1635 1812 λω
1651 1755 1685 1809 et
1702 1769 1771 1836 ρω,
1787 1748 1807 1813 λ
1823 1755 1857 1810 et
1875 1769 1896 1836 ρ
1915 1742 2083 1821 retinent,
2099 1738 2213 1834 ἔφαλ-

1220 1865 1295 1932 ται,
1318 1838 1509 1935 ἔσπαρται.
1558 1846 1625 1915 Νω
1639 1846 1825 1934 praeteriti
1842 1845 1949 1912 activi
1966 1847 2071 1934 longa
2090 1842 2215 1934 penul·

1222 1944 1330 2025 tima,
1363 1970 1387 2016 ν
1411 1945 1560 2025 retinet,
1591 1959 1630 2014 ut
1656 1945 1854 2042 πέφανται.
1915 1947 1973 2016 Sic
1997 1942 2212 2016 Theocritus

1223 2043 1296 2145 [ld.
1308 2045 1368 2130 Vl,
1387 2048 1435 2117 18
1451 2043 1524 2142 sq]
1541 2041 1565 2141 ἦ
1581 2047 1656 2145 γάρ
1670 2049 1779 2145 ἔρωτι
1799 2043 2007 2138 Πολλάκις,
2033 2039 2211 2119 ὥΠολτί-

1222 2174 1346 2246 φαμι,
1388 2145 1434 2219 τοί
1464 2146 1517 2243 μὴ
1545 2148 1664 2240 καλά,
1702 2149 1797 2222 καλοί
1830 2149 2040 2247 πέφανται,
2079 2150 2118 2217 id
2148 2160 2214 2231 est,

1223 2250 1326 2340 Quae
1344 2251 1492 2317 minime
1507 2265 1589 2319 sunt
1609 2250 1782 2343 pulchra,
1807 2279 1846 2323 ea
1871 2251 2018 2344 pulchra
2045 2252 2214 2320 videntur

1223 2351 1372 2418 amanti.
1424 2349 1609 2444 πέφανται
1626 2353 1741 2439 καλοί,
1771 2355 1807 2422 id
1830 2362 1902 2438 e'st,
1929 2357 2002 2424 visa
2032 2366 2115 2424 sunt
2135 2353 2215 2442 pul·

1224 2448 1330 2534 chra,
1357 2452 1536 2541 singulare
1552 2456 1696 2546 quidem
1716 2470 1788 2539 est,
1815 2480 1890 2525 non
1906 2457 2064 2547 plurale,
2091 2478 2134 2522 ex
2157 2477 2213 2521 re·

1224 2556 1305 2645 gula
1320 2554 1358 2621 in
1376 2554 1538 2622 examine
1553 2558 1732 2646 superiori
1748 2558 1882 2648 posita:
1918 2557 2214 2649 Suppositoneu·

1225 2670 1281 2725 tro
1297 2656 1429 2746 plurali
1447 2658 1559 2748 datur
1569 2661 1772 2749 appositum
1790 2661 1981 2748 singulare.

1324 2790 1450 2862 Brevis
1468 2793 1562 2861 tollit
1580 2819 1623 2878 ν,
1650 2792 1824 2888 κέκριται.

1325 2925 1477 3010 Sexta,
1501 2927 1629 2996 Verbis
1645 2954 1693 2999 κα
1719 2930 1915 3019 penultima
1940 2932 2046 3021 longa
2074 2943 2213 3020 praete-

1223 3028 1332 3096 ritum
1348 3029 1503 3098 activum
1522 3030 1752 3112 facientibus,
1779 3032 1856 3101 solo
1879 3057 1941 3102 ται
1961 3034 2060 3114 finit,
2084 3045 2125 3101 ut
2148 3057 2212 3102 πε·
2273 3097 2277 3106 ,

1132 3135 1134 3141 ⁴
1222 3126 1358 3223 ποίηκα
1376 3126 1590 3226 πεποίηται,
1611 3130 1876 3204 πεπολίτευται.
1911 3132 2004 3201 Nota
2021 3132 2213 3224 ἤκουσται.

1222 3232 1374 3301 Faciunt
1390 3256 1491 3319 σται,
1518 3236 1647 3326 quibus
1669 3233 1785 3301 activo
1800 3234 1996 3325 praeterito
2012 3234 2213 3325 penultima

1222 3335 1290 3403 luit
1305 3336 1442 3415 brevis,
1467 3333 1618 3428 μέμυκα
1632 3332 1831 3427 μέμυσται.
1861 3336 1956 3405 Nota
1973 3335 2119 3408 λέλυται
2134 3339 2212 3405 lon-

1222 3461 1318 3525 gum.
1371 3434 1545 3530 Reliquae
1564 3461 1739 3527 personae
1763 3433 1991 3535 dxdlcytaecic
2012 3440 2214 3509 formentur

1222 3539 1319 3606 iuxta
1335 3538 1504 3633 cuiusque
1521 3539 1783 3628 coniugationis
1805 3537 2128 3625 characteristicas,
2155 3567 2213 3613 τε-

1258 3635 1267 3662 Ι

1221 3639 1438 3732 τυμμοθον,
1478 3638 1719 3738 λελέμμεθον,
1761 3638 1975 3739 τέτυφθον,
2026 3640 2213 3736 λέλεχθον.

1188 3784 1192 3795 -
1221 3739 1349 3809 Viden'
1376 3757 1531 3836 quantae
1557 3756 1723 3834 oporteat
1747 3769 1854 3814 curae
1880 3745 1945 3814 tibi
1968 3742 2208 3816 characterem

1222 3844 1323 3915 esse?

1324 3979 1447 4047 Tertia
1473 4005 1625 4070 persona
1650 3982 1798 4070 pluralis
1824 4007 1842 4051 e
1867 3984 2058 4076 participio
2085 3986 2142 4066 fir,
2173 3997 2213 4054 ut

1221 4078 1442 4174 τετυμμένοι
1473 4079 1560 4162 ελσίς
1603 4084 1756 4172 exceptis
1786 4110 1879 4178 quae
1913 4087 1950 4154 in
1980 4111 2049 4176 μαι
2078 4109 2209 4174 purum

1221 4183 1453 4274 praeteritum
1477 4186 1625 4254 faciunt.
1677 4184 1728 4253 Ea
1745 4189 1839 4255 enim
1856 4187 2028 4275 singulari
2045 4186 2171 4253 tertiae
2187 4212 2212 4258 ν

1223 4299 1412 4376 apponunt
1436 4288 1474 4353 iu
1497 4288 1712 4377 penultima,
1753 4302 1792 4357 ut
1818 4284 2010 4381 πεποίηται
2037 4284 2211 4380 πεποίην-

1194 4360 1198 4423 l
1220 4414 1281 4459 ται
1295 4387 1355 4482 ⁰¹).

1323 4521 1387 4591 Est
1402 4535 1519 4590 autern
1539 4537 1574 4592 et
1590 4522 1709 4592 lonica
1727 4528 1902 4618 quaedam
1927 4526 2030 4594 tertia
2047 4528 2210 4618 pluralis,

1223 4651 1292 4719 qna
1321 4626 1426 4712 vulgo
1448 4625 1659 4719 utimurffl),
1691 4641 1731 4696 ut
1756 4631 1851 4718 apud
1868 4629 2065 4699 Homerum
2092 4626 2209 4727 [li.ll‚

1223 4724 1328 4824 25.],
1362 4717 1393 4815 qi
1416 4723 1499 4798 λαοί
1514 4726 1549 4797 τ’
1570 4725 1866 4826 ἐπιτετράφαται.
1920 4732 1976 4800 Sic
1992 4726 2209 4829 τετύφαται,

1224 4828 1466 4923 λελέχαταιθῧ)
1485 4844 1549 4900 etc.
2127 4850 2130 4859 ·

1225 4989 1429 4999 ——-—.--

1257 5085 1306 5149 61)
1326 5087 1359 5201 utt
1373 5082 1539 5151 τετυμμένοι
1558 5110 1586 5119 -
1608 5087 1785 5148 πεποίηνται]
1803 5087 1935 5142 annunt.
1951 5088 2141 5140 1522-1541.
2159 5091 2209 5139 ab·

1294 5167 1345 5202 sun
1362 5192 1367 5202 .

1257 5257 1306 5321 62)
1325 5258 1377 5305 Est
1393 5259 1484 5306 autem
1503 5283 1537 5293 -
1556 5259 1671 5316 utimur]
1697 5259 1737 5307 sic
1755 5260 1839 5317 Editt.
1855 5260 2014 5319 ibimus-3
2042 5261 2127 5311 Editt
2145 5254 2211 5306 1522

1293 5328 1426 5376 -1511.;
1451 5328 1501 5376 sed
1520 5329 1564 5376 est
1581 5328 1672 5378 ionica
1690 5329 1820 5389 quaedam
1840 5341 1894 5388 qua
1913 5330 1996 5390 vulgo
2014 5329 2117 5381 utimur
2135 5317 2211 5375 retri-

1195 5442 1201 5485 i
1294 5411 1382 5461 φαται
1401 5395 1556 5459 (1151538.
1573 5410 1629 5446 err.
1648 5401 1722 5459 tyn:
1748 5390 1911 5463 resipere),

1195 5488 1201 5525 ¹
1258 5497 1306 5562 63)
1327 5500 1372 5548 sic
1391 5512 1442 5548 τιτ.
1462 5497 1532 5558 leb]
1552 5500 1618 5550 haec
1637 5501 1693 5551 Ιι.1.
1713 5493 2060 5553 11111111111522-4541.
2085 5489 2192 5547 de‘suut·
2249 5476 2251 5481 ¹
