5125 6525
283 528 400 597 Porro
418 528 463 597 ab
479 527 593 602 activa
613 548 697 595 voce
711 526 869 618 duplicia
888 524 1037 594 veniunt
1059 524 1173 616 parti-

181 630 294 720 cipia,
328 630 538 699 Praesens
528 654 566 697 1n
585 653 646 710 ns,
679 643 719 697 ut
741 629 873 719 legens.
933 626 1142 698 Futurum
1131 651 1172 703 m

180 758 286 814 urus,
291 748 354 813 31
367 734 545 826 lecturus,
572 745 681 825 atque
699 728 787 802 baec
803 731 918 800 active
934 730 1144 820 significant.

210 853 314 920 ffb
328 852 466 923 neutris
482 854 615 921 cadunt
628 852 758 922 similia
784 850 993 943 participia,
1025 872 1072 917 ea.-
1087 875 1172 921 suo·

178 977 266 1026 rum
274 958 471 1025 verborum
488 956 811 1045 significationem
801 950 1056 1045 imitanturfl).

197 1105 201 1110 ·
281 1077 489 1174 bpassivo
514 1075 598 1146 item
626 1075 802 1168 duplicia,
835 1073 1095 1156 Praeteritum,
1127 1085 1169 1141 ut

177 1180 307 1261 lectus,
346 1177 543 1263 Paetinam,
580 1191 625 1248 31
656 1180 846 1270 legendus,
889 1191 1002 1270 eaque
1029 1176 1167 1268 passive

175 1283 390 1428 significant.

217 1397 388 1470 ’‘Fiunr
416 1425 434 1467 a
461 1401 596 1471 neutris
623 1399 762 1491 passiva
787 1397 997 1491 participia,
1037 1402 1098 1469 sed
1122 1400 1166 1467 ab

175 1499 246 1573 liis
265 1505 424 1585 13111333,
475 1499 629 1607 quorum
663 1504 787 1571 tertiae
820 1500 996 1596 pe'rsonae
1029 1501 1166 1593 passive

175 1605 413 1697 usurpantur,
434 1617 508 1689 31,
543 1619 667 1676 333133
697 1607 804 1675 terrai
872 1604 965 1672 Hinc
995 1618 1106 1672 arata
1132 1616 1169 1672 et

174 1714 309 1779 aranda
331 1721 440 1778 terra.
492 1708 551 1777 Sic
565 1705 754 1799 Virgilius:
788 1709 876 1778 Arte
900 1708 1085 1776 laboratae
1107 1717 1169 1776 ved

174 1823 255 1883 stes.
314 1810 443 1879 Errata
467 1811 602 1881 littora.
661 1810 719 1879 Sic
742 1812 892 1881 decurso
915 1809 1053 1901 spatio.
1103 1808 1170 1881 Est

173 1928 210 1983 et
223 1915 315 1982 illud
330 1914 464 1982 dictum
482 1918 803 2009 καταχρηστικῶςε
1089 1923 1094 1940 ·

193 2117 207 2132 ,ι
277 2033 380 2128 Quae
401 2034 498 2126 venit
515 2032 660 2130 indigne
676 2058 791 2124 poena
810 2033 963 2103 dolenda
980 2032 1135 2148 venit.

612 2167 701 2238 11333
713 2196 721 2236 :

275 2283 412 2379 Virque
432 2284 521 2356 mihi
538 2290 685 2380 dempto
701 2292 772 2356 fine
790 2292 964 2357 carendus
979 2289 1088 2378 abest.

275 2386 308 2454 A
333 2391 528 2480 deponenti
559 2391 733 2481 triplicia,
766 2389 960 2471 Praesens,
996 2391 1165 2484 loquens;

171 2488 433 2576 Praeteritum,
459 2494 618 2571 locutns;
651 2491 849 2574 Futurum,
876 2492 1072 2563 locuturus.
1123 2489 1163 2558 ln

171 2564 376 2660 bissuntet
395 2596 513 2662 131333
540 2595 687 2682 indus,
721 2618 801 2662 cnm
827 2593 991 2688 videlicet
1015 2594 1162 2664 verbum

172 2694 312 2784 passive
334 2696 529 2785 significat,
557 2721 640 2763 nam
665 2721 726 2765 rus
751 2709 803 2765 est
828 2683 965 2765 activae
987 2669 1164 2788 &bea-

170 2798 298 2877 tionis,
326 2812 384 2878 ut,
410 2803 633 2893 sequendus,
658 2801 825 2872 utendus.

218 2904 308 2970 Α
324 2903 575 2972 communibus
596 2902 865 3020 quadruplicia,
897 2900 1071 2994 Praesens
1097 2900 1163 2968 cri-

171 2979 330 3084 minans3
364 3001 603 3075 Praeteritum
623 3006 853 3085 criminatus,
878 3002 1054 3086 Futurum
1078 3005 1164 3078 acti-

171 3130 274 3188 vum,
308 3107 586 3191 criminaturus,
616 3107 804 3179 Passivum
828 3108 1009 3189 futurum,
1043 3107 1162 3205 crimi-

169 3211 324 3280 nandus.
490 3281 491 3285 ,

273 3312 539 3386 Admonuimus
554 3327 676 3391 autem
700 3338 831 3404 supra,
861 3314 1040 3394 veteribus
1057 3314 1164 3411 plura

167 3398 276 3485 luisse
293 3418 499 3512 communia
520 3416 650 3500 verba,
674 3441 782 3510 quam
802 3416 918 3487 nobis.
970 3415 1064 3485 Hanc
1079 3441 1163 3507 par

168 3518 291 3608 ticipia
325 3533 467 3603 extant,
508 3519 658 3588 mentita
688 3520 780 3601 tela,
823 3519 994 3586 meditata
1026 3519 1162 3600 omnia,

168 3633 335 3712 expertae
366 3621 526 3704 virtutis,
566 3621 706 3711 passiva
738 3621 1017 3710 significatione,
1063 3625 1160 3716 quod
1235 3626 1255 3676 ‘⁵'

167 3727 278 3819 verba
297 3720 429 3793 horum
447 3725 533 3793 olim
550 3725 753 3795 communia
771 3725 916 3816 fuerint.

274 3826 366 3896 Sunt
382 3839 417 3895 et
434 3830 600 3896 anomala
618 3827 825 3920 participia,
857 3827 913 3896 vel
938 3828 1056 3920 potins
1077 3823 1159 3901 ἀδί-

169 3955 313 4017 σποτα,
336 3956 428 4022 quae
443 3956 518 3999 non
533 3926 668 3999 habent
689 3932 796 4000 verba
821 3944 937 4049 certa,
964 3956 1006 3999 ex
1031 3931 1160 4024 quibus

166 4034 382 4105 torrrnentur.

271 4133 411 4206 luratus
428 4139 554 4220 active,
575 4136 872 4230 significationem
889 4135 1013 4207 aoristi
1030 4118 1160 4231 Graeci
1223 4153 1226 4158 ’

169 4233 278 4307 babet
293 4236 444 4332 ὀμόσας.

272 4340 408 4412 Exosns
442 4356 476 4410 et
509 4367 675 4433 perosus,
717 4345 830 4411 active
860 4343 1079 4433 significant,
1120 4356 1160 4411 nt

171 4442 347 4513 Graecum
372 4446 543 4515 3331313333
565 4440 741 4539 μισήσας,
776 4459 814 4516 31
831 4447 1039 4514 Ovidiust
1007 4443 1114 4543 [Met.
1131 4442 1158 4528 l,

164 4542 297 4643 4.·;86]
325 4547 467 4618 Taedas
482 4573 584 4618 exosa
602 4549 748 4667 iugales.
800 4548 847 4617 bt
861 4547 1032 4639 Virgilius
1048 4546 1157 4647 [Aen
1223 4563 1225 4567 '

168 4647 219 4716 Vl
221 4646 371 4746 ,466.];
398 4649 604 4769 lancemque
620 4653 749 4742 perosi.
788 4651 853 4724 Est
870 4667 905 4722 et
918 4677 1046 4722 usurus
1062 4655 1157 4743 apud

169 4751 379 4823 ciceronem
397 4758 441 4822 de
458 4755 611 4823 amicitia
630 4752 713 4873 [16,
721 4753 829 4874 59⁶²]
863 4758 1025 4848 Negabat
1045 4756 1157 4827 ullam

168 4878 293 4924 vocem
326 4858 563 4926 inimiciorem
594 4859 773 4928 amicitiae
800 4863 956 4951 potuisse
994 4860 1157 4950 reperiri,

167 4982 278 5051 qaam
298 4960 391 5042 eius,
413 4963 479 5054 qni
504 4960 659 5042 dixissit,
686 4963 734 5030 ita
758 4986 879 5031 amare
904 4975 1090 5054 oportere,
1116 4976 1163 5032 ut

167 5061 373 5153 aliqnando
382 5080 473 5135 osset
488 5090 627 5135 osnrus.

177 5210 182 5217 -
271 5162 418 5234 Persen
412 5169 478 5237 3113
510 5170 619 5237 verba
640 5168 713 5235 fere
739 5169 859 5236 omnia
883 5191 927 5236 ex
947 5194 983 5238 se
1010 5177 1156 5260 pariunt

166 5267 369 5359 participia.
437 5270 504 5338 Sed
528 5285 580 5342 est
602 5284 723 5339 tamen
749 5272 1033 5387 observandum,
1068 5274 1155 5368 quid

169 5416 489 5440 ss.-..-

201 5521 250 5582 18)
271 5535 304 5574 ea
323 5523 885 5588 333333-1331133133.]111111.1545.,
904 5533 984 5577 s..:t
1013 5522 1155 5576 imitantur

236 5594 481 5644 3113333333333
501 5594 646 5643 33313333
664 5594 902 5659 aignfficattoren.
1120 5604 1124 5610 ’

791 427 794 432 ,
837 350 957 432 xcvt.
1009 321 1337 439 333-33331133
1368 351 1574 438 barula.

2135 369 2216 452 w
2277 435 2302 484 0

1223 546 1308 596 3333
1331 525 1480 615 probet,
1507 549 1591 593 3333
1618 528 1724 610 6333,
1751 529 1845 613 iens,
1878 532 2036 618 flendus,
2064 560 2211 610 nascen-

1223 629 1289 703 dus
1306 640 1368 697 aut
1383 641 1532 698 naturus
1551 653 1571 697 a
1589 654 1718 701 nascor
1733 631 1840 701 neiuo
1856 636 1964 719 dixit,
1991 651 2026 705 at
2042 652 2218 714 3313333333

1222 729 1385 801 1113133115.
2058 789 2060 793 -
2203 791 2217 806 ·

1324 830 1465 901 ASum
1491 835 1632 904 tametsi
1658 849 1795 907 veteres
1819 841 1967 912 fecerint
1999 869 2081 927 ens,
2118 845 2216 918 sicut

1221 913 1401 1003 Graeci’‘
1368 960 1424 1009 ων
1441 935 1595 1030 31331331,
1620 952 1742 1008 tamen
1766 941 1853 1033 ipsi,
1887 958 2056 1039 tanquam
2082 950 2210 1020 absur-

1199 1039 1306 1106 dum
1339 1040 1595 1129 repudiarunt,
1638 1056 1675 1112 at
1705 1043 1788 1115 inde
1814 1049 1953 1120 1313333
1978 1050 2214 1229 33331131313333

1220 1151 1330 1212 extat.

1322 1242 1379 1312 ab
1397 1242 1716 1335 impersonalibus,
1753 1221 1845 1343 quae
1864 1278 1938 1324 non
1954 1257 2131 1374 recipiunt
2147 1276 2215 1332 von

1220 1323 1276 1416 ces
1297 1348 1562 1436 personalium,
1593 1352 1690 1420 nulla
1716 1368 1836 1425 extant
1859 1359 2066 1450 participia,
2105 1388 2213 1468 praar

1219 1460 1274 1516 ter
1294 1451 1503 1539 pudendus,
1528 1454 1767 1542 poenitendus
1789 1472 1824 1527 et
1842 1473 2042 1550 pertaesus,
2067 1447 2215 1552 3133331,

1217 1550 1344 1623 libens.
1518 1581 1520 1586 ·
2193 1627 2207 1642 ,.

1321 1653 1447 1772 Neque
1477 1650 1535 1722 bic
1560 1666 1860 1748 praetereundum
1886 1678 1956 1749 est,
1991 1670 2244 1759 degenerare.

1219 1756 1409 1847 participia
1434 1757 1472 1825 13
1494 1760 1665 1846 nomina,
1698 1767 1754 1833 vel
1778 1770 2058 1858 compositione,
2084 1785 2131 1844 ’31
2154 1776 2207 1844 in·

1218 1859 1363 1942 doctus,
1397 1885 1484 1928 nam
1511 1863 1663 1935 indoceo
1693 1892 1766 1937 non
1798 1872 1948 1953 dicitur,
1991 1888 2053 1943 aut
2075 1879 2227 1951 amisso.¹

1118 1988 1122 1994 ·
1218 1963 1319 2031 verbi
1342 1987 1445 2046 casu,
1481 1977 1540 2048 31,
1573 1969 1729 2059 fugitans
1750 1973 1888 2056 litium,
1928 1979 2073 2068 cupiens
2101 2006 2213 2071 pecu-
2287 2018 2290 2023 ·

1210 2064 1311 2136 3133.
1360 2063 1453 2138 Nam
1472 2070 1659 2162 participia
1675 2092 1804 2165 regunt
1820 2081 2010 2152 verborum
2026 2106 2145 2166 casus,
2170 2098 2213 2170 311

1092 2218 1098 2226 .
1148 2225 1167 2252 .··
1218 2192 1521 2238 cummnomrna
1542 2176 1779 2264 degenermt
1805 2184 1980 2269 genitivos
1995 2187 2214 2273 adscrsecmt,

1218 2283 1277 2354 ut,
1305 2295 1432 2341 amans
1447 2279 1691 2367 praeceptoris
1711 2283 1915 2373 discipulus.
1965 2284 2092 2381 anue
2109 2315 2206 2360 com·

1217 2384 1413 2463 parantur,
1447 2390 1482 2445 et
1504 2399 1604 2448 casus
1628 2387 1908 2472 comparationis
1925 2393 2120 2480 recipiunt,
2153 2405 2213 2479 31,

1216 2498 1324 2558 nemo
1342 2489 1394 2546 est
1409 2503 1466 2548 me
1482 2481 1662 2552 amantior
1674 2491 1931 2578 praeceptoris.

1320 2577 1456 2647 Similia
1483 2583 1682 2675 participiis
1705 2599 1788 2658 sunt
1813 2593 2008 2676 tunicatus,
2034 2609 2212 2715 persona·

1216 2693 1285 2760 tus,
1313 2682 1516 2767 obaeratus,
1542 2688 1735 2773 3133331133
1754 2696 1815 2761 sed
1831 2694 1928 2790 eff)
1945 2701 2204 2771 3331333333

1215 2779 1401 2850 Namnet
1428 2811 1469 2854 ex
1494 2789 1612 2860 verbis
1636 2808 1853 2889 nascuntur,
1895 2814 1929 2865 et
1957 2813 2098 2892 tempus
2130 2825 2204 2871 non
2321 2806 2323 2812 ’

1214 2883 1425 2974 significant.
1844 2929 1846 2934 v

1319 2986 1360 3056 ln
1377 2991 1520 3060 bundas
1543 2996 1691 3065 nomina
1716 3012 1818 3083 sunt,
1851 3006 1992 3074 tametsi
2007 3005 2129 3076 Livius
2147 3032 2212 3074 cas·

1214 3114 1293 3159 sum
1310 3094 1491 3186 participii
1509 3098 1689 3168 addiderit
1704 3105 1782 3169 voci
1804 3108 2137 3190 contionabundus,
2165 3110 2209 3176 111·
2243 3169 2249 3179 .

1215 3195 2201 3306 1331131163333133313333133[1.47.]ε11333333-
2256 3301 2259 3308 ,
2321 3262 2323 3267 -
2426 3237 2430 3246 “

1215 3298 1466 3370 cionabundus
1483 3303 1659 3373 circuibat
1678 3304 1853 3380 homines.
1878 3330 1909 3358 ‘¹³

1461 3546 1464 3560 .-
1533 3454 1600 3574 nn
1625 3505 1887 3582 33333333.

1274 3643 1591 3757 ι’,111633131333
1619 3675 1811 3746 vocarunt,
1845 3669 1942 3758 quod
1965 3650 2116 3755 actionis
2139 3654 2203 3757 331

1212 3759 1388 3848 passionis
1405 3761 1708 3832 circumstantiam
1725 3790 1795 3835 una
1811 3764 1899 3837 'voce
1916 3762 2038 3855 effe'rt,
2063 3786 2121 3856 31,
2148 3762 2208 3857 (11-Ι

1213 3861 1259 3927 cit
1275 3862 1452 3953 graviter,
1480 3866 1578 3934 venit
1594 3891 1758 3960 propere.
1809 3866 1966 3967 Ideoque
1989 3859 2199 3946 adverbium

1212 3979 1408 4049 vocarunt,
1435 3973 1532 4061 quod
1549 3972 1659 4040 verbo
1680 3972 1983 4045 circumstantiam
2001 3976 2156 4052 adiiciat.

1424 4138 1649 4210 Accidunt
1674 4143 1986 4240 Adverbio'):

1262 4272 1423 4364 Species,
1450 4275 1690 4366 significatio,
1714 4255 1867 4370 Pigura,
1894 4281 2140 4374 Comparatio.
2205 4362 2208 4369 .

1314 4410 1501 4501 Species
1529 4416 1642 4497 duae,
1665 4415 1789 4485 Prima
1806 4431 1842 4487 et
1854 4382 2122 4492 Derivatorum.

1312 4530 1435 4600 Prima
1460 4557 1585 4603 eorum
1610 4548 1681 4618 est,
1724 4562 1816 4630 quae
1843 4562 1918 4608 non
1941 4541 2084 4610 aliunde
2113 4554 2198 4610 nata
2255 4586 2258 4605 .

1210 4646 1314 4715 sunt,
1341 4648 1381 4703 31
1397 4659 1493 4720 cras
1522 4633 1598 4706 heri
1610 4663 1735 4730 p·„ax
1755 4641 1884 4726 idest,
1910 4655 2062 4715 tantum.

1313 4736 1484 4806 Derivata
1499 4739 1547 4833 ⁸¹)
1563 4756 1665 4826 sunt,
1692 4769 1785 4864 quoae
1802 4749 1951 4817 canuno·
1956 4751 2120 4833 aliunde,
2146 4763 2198 4836 ut,
2317 4808 2323 4822 ..

1211 4841 1369 4932 vesperi,
1403 4845 1501 4941 quod
1527 4857 1579 4915 est
1603 4871 1626 4913 a
1646 4849 1804 4918 nominis
1827 4851 1969 4934 dativo,
2011 4854 2133 4923 furtim
2148 4853 2205 4951 ⁸¹)

1210 4967 1229 5011 a
1251 4945 1361 5014 verbo
1385 4947 1508 5030 furor,
1535 4949 1684 5020 strictim
1707 4976 1727 5019 3
1750 4955 1863 5022 verbo
1882 4955 2040 5049 stringo,
2066 4957 2207 5029 Home·-

1241 5199 1290 5266 29)
1310 5197 1356 5267 ea]
1373 5201 1567 5262 triturata,
1585 5217 1608 5254 s
1621 5203 1756 5254 331333

1244 5287 1635 5408 60)(31333133311133313133]
1659 5290 1743 5345 tutta
1758 5291 1851 5357 tata,
1875 5304 1953 5347 m:
1983 5295 2131 5347 meu
2143 5304 2195 5347 n-

1276 5370 1302 5406 33
1322 5370 1358 5408 un
2081 5404 2084 5413 .

1240 5442 1290 5500 at)
1309 5443 1457 5502 Derivata]
1476 5444 1526 5495 111.
1541 5458 1566 5495 s.
1580 5456 1622 5496 n:
1647 5396 1809 5496 llerirrtlva

1242 5526 1738 5650 3333331333333333333,
1727 5531 1868 5593 ,meua
1900 5531 2050 5646 3333..
2066 5533 2194 5657 aaa,

1690 5668 1779 5741 21·
