5125 6525
154 499 178 546 ,
234 435 312 518 aaa.
688 488 692 492 ·
756 428 761 438 '
827 441 952 515 run.
979 439 1089 513 uun.
1118 430 1326 513 scitura
1347 437 1685 514 ruuouoomA.
2199 433 2278 520 trs

236 616 310 686 rice
352 614 396 683 ab
439 613 626 698 llomero,
680 610 889 685 humanitus
929 628 964 683 et
1007 609 1226 685 humaniter.
1279 626 1423 705 tempus
1446 612 1665 705 significare,
1690 626 1750 700 nt,
1784 614 1833 685 ibi
1858 638 1926 707 pro
1952 627 2029 686 tum
2052 617 2160 709 saepe
2188 618 2280 687 acci-

236 717 425 814 Quaedam
448 716 543 786 enim
566 717 665 786 varie
689 719 898 788 efferuntur.
965 716 1078 809 Saepe
1107 729 1226 786 autem
1280 716 1391 808 pitur.

237 835 273 893 et
291 820 438 889 nomina
456 844 585 912 genere
603 834 732 891 neutro
753 822 844 891 fiunt
862 820 1052 903 adverbia,
1078 832 1137 905 ut,
1172 821 1228 888 in·
1383 817 1506 913 Usque
1524 831 1560 888 et
1576 820 1800 912 temporibus
1814 833 1850 890 et
1866 820 1952 890 locis
1969 824 2279 907 accommodatur,

195 1001 198 1006 ,
235 926 316 995 fans
331 947 454 992 recens
475 936 601 1006 natus,
628 935 662 992 et
679 924 832 994 Graece:
868 936 1010 992 torvum
1031 921 1227 1019 clamat⁸⁸).
1281 933 1317 991 et
1334 923 1480 991 additur
1499 922 1645 993 vocibus
1662 923 1749 992 alias
1775 927 1819 992 de
1841 923 1943 1006 loco,
1975 923 2064 995 alias
2085 928 2131 994 ad
2151 927 2277 996 ¹locum

178 1104 180 1108 ,
257 1059 262 1065 ·
340 1026 617 1118 Significationis
634 1027 743 1097 multa
762 1027 879 1118 capita
901 1039 1004 1110 sunt,
1031 1026 1131 1097 cuius
1153 1026 1227 1094 vim
1281 1025 1581 1117 significantibus,
1608 1040 1649 1096 ut
1666 1026 1808 1096 Cicero:
1837 1025 1960 1120 Usque
1979 1028 2026 1096 ad
2039 1026 2278 1098 Numantiam

216 1130 287 1199 vita
303 1142 400 1199 recte
415 1131 547 1222 poterit
562 1130 749 1222 pervidere
764 1154 866 1221 puer,
893 1130 923 1200 si
941 1129 1111 1221 cogitabit
1127 1129 1248 1210 illam,
1281 1128 1391 1200 misit.
1457 1126 1504 1197 Et
1526 1128 1735 1199 Terentius:
1778 1127 1833 1198 Ex
1860 1126 2053 1221 Aethiopia
2084 1157 2197 1226 usque
2226 1145 2281 1201 est

238 1232 448 1303 varietatem
465 1232 734 1324 significationis
750 1257 792 1302 ex
808 1233 982 1303 varietate
997 1234 1229 1302 circumstan-
1281 1228 1382 1303 haec.
1433 1229 1481 1301 Et
1495 1256 1563 1324 pro
1578 1228 1729 1301 Archia:
1754 1227 1843 1302 Inde
1866 1257 1980 1326 usque
2002 1257 2023 1301 a
2046 1234 2165 1326 prima
2192 1260 2281 1328 pue·

237 1336 371 1407 tiarum
386 1336 425 1406 in
442 1336 642 1406 actionibus
658 1336 769 1407 nasci.
821 1336 914 1408 Nam
929 1348 1092 1427 tempus,
1107 1335 1230 1420 locus,
1280 1335 1365 1404 ritia
1384 1347 1561 1427 repetens.
2070 1411 2073 1420 ,

238 1438 439 1535 quantitas,
467 1439 620 1532 qualitas
635 1452 701 1508 etc.
717 1435 808 1508 nihil
825 1453 927 1523 sunt,
953 1439 1024 1509 nisi
1045 1438 1228 1508 actionum
1384 1436 1468 1511 Non
1504 1437 1705 1509 adsciscunt
1737 1436 1927 1507 nominum
1962 1461 2062 1509 casus
2094 1438 2280 1530 adverbia,

238 1541 536 1613 circumstantiae.
589 1540 636 1609 Et
658 1542 741 1635 quia
760 1540 925 1611 Donatus
948 1543 1062 1634 probe
1083 1554 1231 1635 percen-
1282 1540 1437 1635 ideoque
1454 1540 1673 1633 scripserunt
1693 1552 1828 1610 veteres
1844 1540 2102 1627 Grammatici,
2127 1544 2281 1635 degene-

238 1646 309 1718 suit
332 1644 449 1736 capita
475 1644 765 1736 significationis,
807 1669 827 1713 a
857 1645 962 1717 nobis
984 1642 1075 1714 nihil
1103 1645 1231 1715 attinet
1283 1667 1365 1714 rare
1389 1644 1427 1711 in
1451 1643 1736 1737 praepositiones
1758 1642 1927 1714 adverbia
1951 1668 2071 1715 casum
2101 1648 2279 1738 recipien-

237 1747 351 1839 repeti
359 1746 420 1838 ⁸⁸).
1283 1746 1347 1830 tia,
1373 1759 1414 1816 ut
1426 1746 1556 1838 pridie,
1578 1749 1675 1841 quod
1691 1746 1850 1838 priorem
1869 1746 1963 1817 diem
1980 1748 2169 1840 significat,
2192 1750 2281 1821 alias

252 1874 258 1882 ·
342 1848 500 1918 Tantum
517 1844 586 1917 hoc
604 1850 803 1920 monendos
817 1850 988 1941 putabam
1007 1872 1158 1941 pueros,
1190 1863 1232 1920 ut
1283 1848 1502 1942 genitivum,
1529 1850 1618 1919 alias
1635 1850 1875 1919 accusativum
1895 1851 2078 1935 adsciscit,
2103 1865 2144 1922 ut
2154 1852 2280 1923 Cicero

239 1951 429 2042 diligenter
443 1941 634 2021 observent
653 1964 820 2021 naturam
845 1953 1012 2022 localium
1042 1953 1231 2022 adverbio·
1284 1954 1330 2020 ad
1355 1950 1566 2022 Lentulum:
1606 1950 1729 2022 Pridie
1753 1953 1828 2023 eius
1851 1953 1924 2022 diei
1943 1955 2178 2046 fregeramus.
2232 1955 2281 2026 Et

239 2080 341 2139 rum,
384 2054 538 2148 quaein
564 2056 665 2137 loco,
709 2080 802 2148 quae
825 2057 868 2124 ad
891 2057 1033 2139 locum,
1072 2080 1164 2150 quae
1186 2057 1230 2124 de
1284 2054 1399 2147 pridie
1415 2079 1531 2125 nonas
1549 2053 1690 2139 lunias,
1718 2057 1763 2123 ad
1781 2056 1962 2148 Appium,
1989 2072 2023 2126 et
2039 2059 2083 2152 ad
2099 2059 2279 2130 Atticum:

239 2159 319 2226 loco
335 2156 545 2245 significent.
593 2156 686 2228 Nam
705 2182 745 2226 ea
763 2158 800 2225 in
814 2182 853 2228 re
869 2182 1131 2252 nonnunquam
1149 2182 1231 2250 pec·
1282 2157 1406 2227 Pridie
1422 2158 1642 2250 compitalia.
1694 2158 1875 2230 Postridie
1891 2173 1943 2230 est
1958 2174 2103 2251 postero
2121 2161 2198 2247 die,
2222 2187 2280 2254 ge-

239 2273 354 2330 catur.
1283 2261 1436 2331 nitivum
1455 2273 1490 2331 et
1508 2262 1747 2331 accusativum
1765 2262 1939 2334 adsciscit.

341 2358 383 2429 ln
399 2363 479 2429 loco
495 2361 714 2451 significant,
741 2357 811 2447 hic,
838 2363 922 2447 illic,
949 2364 1040 2445 istic,
1066 2363 1129 2446 ibi,
1156 2362 1231 2445 ubi,

208 2453 460 2557 'ubicunque,
486 2464 641 2557 ubique,
674 2464 810 2548 ubivis,
843 2466 949 2548 alibi,
980 2467 1096 2548 intus,
1128 2465 1231 2549 foris,
1416 2532 1424 2550 ,

238 2590 367 2657 supra,
391 2568 549 2648 droben‚
576 2566 691 2649 iufra,
716 2570 894 2639 drnnden.
945 2568 1111 2638 Tibullus
1126 2564 1229 2639 lib.l.
1387 2531 1566 2625 s¹mple¹²
1601 2546 1641 2604 ¹¹²
1663 2537 1872 2626 Prndenter·

239 2671 326 2760 eleg.
347 2669 406 2739 10.
435 2664 523 2763 [vss.
539 2664 590 2738 86
605 2663 699 2763 sq,]:
1387 2635 1617 2755 Composita,
1649 2652 1690 2708 ut
1718 2638 1887 2757 interdiu.

128 2771 131 2776 '
1366 2733 1665 2844 ·Qomposrta,
1698 2753 1739 2810 ut
1760 2743 2022 2833 rmprudenter.

1672 2414 1892 2506 Figura

306 2788 368 2837 Non
386 2798 470 2849 reges
489 2788 534 2837 sat
548 2786 640 2850 luha,
664 2798 720 2836 non
737 2787 821 2837 vlnes
837 2789 930 2853 culta,
954 2788 1004 2838 sed
1022 2788 1113 2838 audax

265 2919 268 2924 ,
309 2869 468 2932 Cerberos,
494 2873 522 2917 et
540 2870 774 2934 stygiaenavtta
791 2872 890 2934 puppis
908 2883 1005 2935 aquae.

341 2954 397 3021 Ad
412 2954 552 3038 locum,
579 2951 667 3038 huc,
693 2955 797 3041 illuc,
823 2958 931 3042 istuc,
959 2983 1023 3042 eo,
1048 2984 1141 3052 qun,
1167 2959 1238 3028 ali..

239 3082 333 3152 quo,
356 3080 508 3150 nequo,
541 3057 666 3150 siquo,
700 3082 938 3153 quocunque,
973 3062 1090 3145 intro,
1122 3062 1230 3133 foras.

238 3158 317 3231 Huc
334 3159 537 3251 pertinent,
564 3184 657 3254 quae
673 3171 709 3229 et
726 3185 850 3232 versus
866 3164 990 3234 ¹locum
1017 3163 1231 3255 significant,

238 3277 299 3348 nt,
338 3262 574 3347 introrsum,.·.
596 3276 814 3350 retrorsum,
849 3291 1009 3352 sursum,
1049 3270 1231 3353 deorsum,

238 3391 432 3461 quorsum,
459 3367 683 3451 laevorsum,
709 3368 948 3442 dextrorsum.
998 3372 1090 3443 Sunt
1110 3385 1228 3443 autem

178 3502 181 3507 ’
238 3470 436 3562 composita
453 3493 471 3536 a
489 3495 631 3554 versus,
658 3474 756 3565 quod
780 3473 923 3544 videtur
947 3469 1079 3545 habere
1104 3476 1229 3547 adver-

237 3573 287 3643 bii
304 3572 613 3664 significationem.
631 3571 732 3646 -Nam
749 3588 785 3645 et
798 3578 1103 3668 praepositionem
1121 3578 1227 3647 aliam

237 3675 414 3768 permittit
424 3674 572 3743 nomini
588 3676 747 3767 adiungi,
759 3690 799 3746 ut
807 3678 947 3751 Plinius
962 3682 1024 3752 lib.
1035 3681 1069 3753 6.
1081 3706 1158 3773 cap.
1167 3683 1229 3756 82.
1532 3695 1598 3767 DE
1633 3697 2033 3773 PRAEPOfflquNR

1626 2890 1936 2985 Comparatio.

1310 3017 1313 3026 “
1350 3005 1354 3034 ³
1386 3009 1567 3080 Adverbia
1586 3024 1703 3081 ortaa
1726 3013 1936 3087 nominibus
1961 3014 2164 3099 adiectivis,
2201 3015 2284 3084 imi-

1284 3113 1408 3183 tantur
1426 3114 1615 3184 nominum
1634 3116 1961 3207 comparationem,
1988 3132 2023 3188 et
2041 3118 2221 3211 recipiunt
2242 3118 2285 3188 in

1285 3216 1550 3288 constructione
1585 3242 1686 3290 casus
1721 3221 1959 3313 comparativi
1992 3234 2028 3293 et
2058 3222 2284 3315 superlativi,

1284 3320 1426 3391 fortiter
1441 3321 1569 3391 lortius
1586 3322 1791 3394 fortissime.
1852 3326 1910 3394 Sic
1933 3338 1968 3395 et
1995 3329 2172 3420 quaedam
2197 3327 2283 3411 alia,

1284 3447 1358 3492 non
1373 3437 1458 3493 nata
1475 3448 1494 3491 a
1511 3425 1739 3510 nominibus,
1765 3451 1871 3519 saepe
1895 3428 2039 3520 saepius
2062 3430 2283 3522 saepissime.

1282 3525 1409 3620 Nuper
1423 3527 1653 3619 nuperrime,
1680 3529 1757 3600 sine
1774 3533 2033 3624 comparativo.

237 3777 293 3846 Ad
319 3801 481 3846 occasum
507 3801 642 3848 versus.
706 3777 752 3847 Et
776 3778 908 3851 Caesar
937 3782 1013 3854 sine
1047 3785 1230 3877 praeposi-

237 3879 356 3950 tione:
381 3878 578 3950 Massiliam
595 3904 730 3951 versus.

341 3979 394 4053 De
407 3982 509 4065 loco,
534 3978 638 4067 hinc,
668 3983 787 4069 illinc,
822 3985 948 4070 istinc,
985 3988 1088 4072 inde,
1122 3990 1229 4074 unde,

238 4084 423 4170 alicunde,
449 4084 616 4169 coelitus,
642 4087 820 4174 funditus,
851 4089 1045 4175 radicitus,
1078 4092 1230 4177 inferne,

236 4212 409 4279 superne,
445 4191 543 4283 quod
570 4190 696 4281 vulgus
724 4192 812 4263 dicit
840 4195 1006 4285 desuper.
1072 4195 1229 4267 Plinius:

235 4293 432 4384 Argentum
460 4293 600 4362 innatat
622 4319 796 4385 superne,
835 4297 927 4367 sicut
958 4298 1075 4369 oleum
1100 4323 1229 4393 aquae,

235 4394 271 4464 id
294 4407 366 4480 est,
392 4398 556 4488 desuper.

338 4498 409 4568 Per
423 4501 564 4585 locum,
590 4495 677 4584 hac,
702 4499 805 4583 illac,
827 4499 934 4586 istac,
957 4527 1089 4598 nequa,
1114 4505 1229 4599 siqua.
1685 4503 1869 4574 Accidit

253 4632 281 4659 ··
339 4598 436 4671 Inter
467 4604 597 4673 localia
630 4614 825 4673 numerant
860 4606 967 4675 etiam
1009 4603 1077 4678 hos
1110 4631 1228 4678 casus:
1384 4617 1653 4711 praepositioni
1685 4621 1933 4708 constructio,
1978 4648 2092 4718 eaque
2124 4625 2198 4693 fere
2235 4646 2278 4694 εχ

235 4703 357 4786 (imni,
383 4704 554 4790 militiae,
575 4701 696 4791 humi,
722 4707 811 4779 ruri·
1281 4719 1429 4790 Donato
1455 4725 1621 4814 cognosci
1647 4738 1785 4815 potest,
1830 4730 1891 4796 sed
1917 4740 1969 4797 est
2000 4728 2092 4796 mira
2123 4727 2277 4797 varietas

165 4812 167 4818 ’
338 4803 447 4890 ltem,
492 4809 641 4900 ΡῐῠΡῑῖθ
671 4811 819 4880 11⁰mlss³
851 4811 1036 4896 l⁰c⁰fflm‚
1075 4810 1229 4896 R⁰¹¹¹222
1282 4824 1551 4916 significationis
1567 4827 1675 4896 etiam
1691 4829 1729 4898 in
1745 4829 1871 4900 iisdem
1893 4830 2051 4913 casibus,
2077 4855 2187 4924 quam
2210 4854 2278 4901 nos

235 4905 414 4995 ss⁰m³¹1¹2
438 4908 579 4995 R⁰mas
598 4937 665 4984 1¹⁰⁸
685 4914 779 4985 iulet
802 4916 951 4984 1¹⁰¹1¹311³
977 4914 1229 5011 relinqulmQ
1281 4925 1413 5019 regulis
1439 4930 1627 5020 complecti
1650 4954 1726 5001 non
1749 4957 1959 5023 possumus,
1990 4958 2055 5004 usu
2077 4932 2221 5023 legendi
2241 4945 2277 5002 et

236 5012 352 5105 ‘lique
385 5014 650 5087 ⁰⁰⁰⁸ll¹1⁰ll⁰⁰0
683 5043 809 5088 0⁰fflffl
843 5042 909 5088 ⁸¹1⁰
941 5020 1022 5087 ¹⁰0⁰
1057 5019 1227 5090 ditemus·
1280 5032 1461 5103 scribendi
1476 5032 1643 5103 discenda
1662 5048 1734 5120 est,
1759 5049 1819 5120 ut,
1846 5038 1942 5106 aliud
1958 5036 2133 5127 significat
2149 5059 2277 5105 secun·

236 5111 490 5187 Observabunt
515 5133 632 5188 autem
654 5122 777 5211 pueri,
816 5145 1078 5216 nonnunquam
1099 5120 1228 5192 localia
1280 5135 1389 5220 dum,
1411 5161 1491 5207 cum
1508 5135 1608 5220 dico,
1629 5142 1825 5209 secundum
1841 5163 1964 5210 aurem
1981 5141 2111 5210 vulnus
2127 5139 2278 5230 accepit,

139 5290 141 5295 .
242 5272 460 5287 —-—--
562 5263 565 5270 ·
1281 5238 1378 5309 aliud
1394 5241 1491 5332 apud
1506 5238 1717 5311 Suetonium
1731 5243 1774 5324 in
1788 5242 1949 5334 Augusto
1968 5238 2126 5342 [c.94.]:
2152 5240 2276 5335 Ipsum

269 5363 320 5434 aa)
337 5368 366 5417 at
383 5366 504 5418 onom:
525 5368 636 5417 torvum
655 5367 781 5430 olam]
800 5367 999 5435 nolanusc,
1016 5379 1094 5420 aa:
1118 5372 1147 5420 ss
1164 5374 1227 5422 ror·
1280 5365 1377 5427 esse,
1403 5344 1504 5414 cuius
1524 5343 1646 5434 imago
1671 5348 1864 5416 secundum
1889 5347 2045 5440 quietem
2060 5348 2128 5418 sibi
2146 5348 2278 5416 obver-

305 5449 367 5486 rnm
385 5435 475 5500 videt,
501 5437 665 5500 proterve,
690 5438 740 5486 troo
758 5437 838 5488 nodo
860 5439 962 5489 Graeci
985 5450 1071 5501 saepe
1087 5439 1228 5491 adlecttva
1279 5456 1355 5514 saga
1371 5445 1428 5516 gig·
1482 5445 1588 5516 Aliud
1612 5447 1650 5515 in
1676 5446 1826 5518 Claudio
1852 5446 2021 5549 [015⁶]
2056 5450 2277 5522 mentibus

302 5509 404 5558 neutra
421 5508 528 5556 noant
544 5505 573 5554 iu
590 5504 732 5555 adverus.
842 5557 845 5563 ,
1768 5552 1776 5567 ·
1809 5553 1817 5568 ·
2225 5553 2234 5568 ·

267 5607 319 5667 ῃ)
336 5620 356 5660 ,
372 5609 452 5661 m„
464 5632 494 5647 ,,
506 5607 622 5671 „ng
635 5606 723 5659 mm
738 5607 830 5673 lm,
849 5623 874 5659 „
887 5620 929 5660 ω
953 5621 1009 5661 m
1028 5613 1074 5660 ont
1092 5622 1163 5674 opus
1180 5612 1226 5663 Mo
1278 5549 1474 5618 secundum
1491 5564 1695 5641 praesentes
1708 5552 1878 5624 facillime
1895 5555 2015 5625 dabat.
2049 5551 2142 5622 Eam
2157 5576 2276 5623 varre-

304 5682 494 5743 strepuere.
1278 5663 1388 5721 tatem
1407 5676 1491 5722 usus
1508 5652 1661 5726 docebit·

1384 3834 1687 3927 Praepositio'
1718 3849 1772 3906 est
1797 3842 2059 3931 propemodum
2096 3838 2280 3922 articulus,

1284 3936 1395 4006 verbo
1409 3961 1545 4007 nomen
1562 3938 1778 4029 adiungens,
1804 3945 1902 4034 quod
1921 3943 2078 4036 aliquam
2101 3943 2186 4010 facti
2209 3942 2279 4011 cir-

1282 4041 1534 4111 cumstantiam
1557 4041 1751 4133 significat,
1778 4056 1839 4126 ut,
1866 4046 1950 4116 Non
1967 4050 2073 4116 datur
2094 4048 2138 4113 ad
2155 4046 2281 4114 Musas

1282 4166 1426 4213 currere
1448 4144 1519 4212 lata
1542 4145 1613 4214 via.
1672 4145 1764 4214 Nam
1784 4146 1907 4218 Musas
1927 4173 2001 4218 non
2026 4158 2165 4241 poterat
2189 4147 2279 4214 addi

1284 4247 1394 4315 verbo
1418 4270 1583 4331 currere,
1620 4246 1690 4318 nisi
1712 4252 1954 4342 praepositio,
2002 4254 2066 4335 ad,
2097 4261 2277 4344 tanquam

1265 4350 1473 4433 articulus,
1501 4350 1768 4440 adiungeretur.
