5125 6525
400 395 458 469 lll.
510 395 577 467 DE
603 389 882 470 auctione
907 385 974 465 bil*-
1000 387 1354 469 couoaartunu
1380 385 1558 468 cauom
1582 398 1626 471 V.
1654 398 1894 472 CAESARIS.

2093 393 2175 479 ns

235 572 496 662 'Ealltempere
511 570 666 640 maxime
682 567 840 660 conspici
857 567 987 659 potuit,
1014 590 1128 661 quan·
1176 569 1444 661 gressi-sumus,
1470 570 1600 641 iterum
1617 582 1745 663 prec'or
1760 572 1877 645 Deum
1901 574 2077 665 optimum
2094 585 2172 646 ma·

134 697 209 749 tom
227 674 591 769 ad=tranqnillitatem
609 688 644 743 et
660 674 809 744 salutem
829 671 927 741 orbis
946 683 1125 739 terrarum
1177 674 1334 756 nimum,
1366 686 1406 742 ut
1428 687 1565 745 mentes
1589 686 1730 748 nostras
1750 690 1852 769 regat
1878 680 1923 746 ad
1946 678 2177 748 retinendam·

134 784 312 856 conducat
324 775 534 847 Electorum·
546 777 583 845 in
598 776 794 847 Germania
810 774 1010 845 consilium.
1034 772 1126 842 Cum
1178 777 1272 845 inter
1296 799 1362 849 nos
1392 777 1644 862 concordiam,
1678 790 1713 846 et
1743 779 1862 849 flectat
1891 782 1935 849 ad
1967 779 2176 875 eligendum·
2227 797 2232 806 “

133 886 233 955 euim
255 882 479 974 impenderet
501 880 626 972 ingens
647 897 768 950 rerum
787 877 960 960 mutatio,
986 877 1127 969 sapien-
1177 879 1376 971 principem
1401 880 1593 950 salutarem
1619 883 1788 953 universo
1814 884 1974 977 imperio·
1988 883 2172 970 Romano,

87 981 89 986 ’
131 989 197 1071 tia,
222 986 436 1068 constantia,
463 984 668 1067 concordia,
696 979 1046 1078 etfideElectorum,
1072 979 1126 1048 di·
1178 1005 1220 1049 ac
1243 984 1434 1077 praecipue
1462 983 1593 1054 utilem·
1608 982 1785 1056 Ecclesiae
1807 983 2045 1060 Christianae.
2096 987 2177 1061 Ner

133 1087 408 1184 gnitas·imperii
422 1099 458 1156 et
472 1088 588 1156 torma
606 1086 824 1180 reipublirae
840 1073 1047 1154 conserffla
1063 1095 1125 1152 est.
1177 1084 1324 1168 dubito,
1365 1086 1452 1180 quin
1483 1111 1547 1157 vos
1574 1112 1697 1159 omnes
1721 1114 1851 1182 magna
1876 1091 2116 1162 sollieitudine·
2136 1093 2177 1161 et’

132 1194 265 1265 statim·
283 1189 385 1262 enim*
399 1186 696 1282 Arcbiepiscopus
710 1186 946 1279 Mogontinus
960 1186 1128 1255 albertus
1177 1188 1329 1279 pietate,
1355 1190 1505 1260 assiduis
1525 1190 1617 1260 votis
1633 1191 1727 1261 idem
1745 1217 1764 1259 a
1782 1191 1860 1262 Deo
1877 1195 2017 1286 petatis.
2063 1191 2176 1266 Nulla·

131 1292 299 1366 Maecbio
312 1287 670 1384 Brand'enbnrgensis
694 1291 897 1362 Cardinalis
920 1289 1026 1358 titulo
1051 1287 1131 1356 divi·
1178 1291 1272 1359 enim
1300 1292 1481 1361 diffieilior
1503 1293 1713 1364 deliberatio
1737 1299 1781 1365 de
1797 1297 1868 1366 ulla
1887 1294 2099 1368 rebumuna
2117 1299 2173 1366 in·

133 1395 379 1494 Chrysogoni,
413 1395 730 1465 intellecta-morte·
751 1392 1012 1474 Maximiliani,
1045 1411 1127 1461 curn
1178 1394 1296 1462 cidere
1330 1407 1468 1485 potest,
1511 1421 1619 1488 quam
1659 1401 1702 1466 de
1737 1396 1958 1491 Imperatore
1993 1401 2170 1491 eligendo.

133 1493 250 1596 ipsius·
266 1515 403 1570 munus
425 1498 470 1569 sit
493 1523 694 1569 convocare
716 1497 918 1579 Electores,
952 1496 1131 1587 signifieat
1178 1497 1270 1569 Nam
1295 1497 1425 1566 caeteri
1440 1496 1555 1588 Reges
1572 1521 1647 1567 non
1664 1502 1839 1571 sustinent
1854 1500 1923 1573 boc
1938 1505 2063 1594 ingens
2079 1528 2171 1573 onus

132 1603 385 1676 elsioteritum
402 1599 656 1694 Imperatoris,
691 1614 727 1671 et
746 1599 1044 1669 Francofordiam
1065 1617 1129 1666 eos
1179 1611 1330 1669 externa·
1355 1619 1465 1692 regna
1492 1605 1757 1693 propugnandi.
1818 1605 1949 1675 Noster
1970 1604 2194 1697 Imperator,

132 1710 178 1779 ad
200 1704 497 1777 deliberationem
524 1707 574 1774 de*
599 1727 818 1786 ureressore,
852 1717 888 1771 et
916 1704 960 1771 ad
986 1701 1126 1769 electio·
1179 1704 1341 1795 eligitur,
1376 1716 1416 1772 ut
1436 1703 1481 1773 sit
1504 1703 1585 1773 Dux
1608 1706 1742 1798 publici
1767 1697 1906 1777 consilii
1931 1709 2025 1777 inter
2047 1719 2179 1778 omnes'

131 1823 219 1882 nem
235 1821 352 1879 vocat.
1178 1803 1312 1898 Reges,
1338 1819 1381 1874 ut¹
1400 1820 1604 1900 propugnet
1620 1807 1784 1894 ltaliam,
1811 1823 1851 1880 ut
1871 1810 2178 1904 tranquillitatem

234 1911 337 2005 Quos
360 1912 424 1980 etsi
446 1923 512 2003 pet
535 1927 609 1981 sese
632 1912 798 1979 movebat
823 1906 931 1977 officii
949 1907 1062 1987 ratio,
1087 1918 1131 1974 ut-
1177 1909 1358 1979 Ecclesiae
1375 1909 1572 2001 praeeipue'
1584 1912 1773 1982 custodiat.

133 2015 344 2084 elettibrtem
373 2026 559 2083 maturare·
584 2015 786 2083 studerent:
829 2023 950 2080 tamen
983 2023 1068 2079 cum
1089 2008 1159 2076 in.
1280 2010 1404 2107 ltaque
1419 2035 1503 2083 cnm
1516 2021 1698 2085 tantarum
1717 2037 1837 2086 rerum
1857 2031 1939 2086 cura
1956 2014 2179 2109 Imperatori¹

133 2116 438 2211 tantispeniculls‚
460 2135 553 2210 quae
571 2117 742 2187 videbant
759 2115 986 2207 impendere,
1011 2111 1126 2202 magis
1178 2117 1368 2186 commissa
1384 2117 1441 2199 sit',
1467 2139 1555 2200 noa,
1584 2118 1675 2188 utin
1694 2120 1841 2190 caeteris
1856 2121 1988 2211 regnis,
2013 2143 2178 2190 nassum·

133 2221 525 2313 etium‘ptopemndum
542 2233 618 2289 esse
630 2220 891 2320 intelligerent,
925 2218 970 2285 ad
990 2216 1126 2284 dictum
1178 2232 1237 2289 tur
1253 2243 1491 2298 successores;
1523 2222 1582 2289 scd
1600 2223 1810 2314 gravissimo
1826 2223 1976 2294 consilio
1999 2223 2179 2294 constitu·

131 2324 229 2393 uiua
259 2345 386 2395 omnes
406 2322 704 2392 Fratreotordiam
734 2325 779 2389 ad
802 2319 975 2389 Moenum
998 2341 1127 2386 conve·

131 395 208 477 tit

132 2428 253 2497 stiunt:
302 2426 467 2495 videlicet
499 2425 668 2496 Albertds
704 2423 906 2494 Cardinalis
936 2416 1125 2511 Archiepi-

131 2539 263 2620 etopus
284 2527 541 2620 Mogontirius,
568 2525 804 2596 'Herma'nnus
820 2526 950 2594 Comes·
972 2525 1017 2591 de
1031 2521 1128 2591 Vidn

130 2627 431 2722 Atbbiepiscopus
467 2628 712 2726 Golotriensis,
760 2623 961 2696 Richardus'
1000 2621 1126 2695 Archi·

131 2735 320 2827 episeopus·
331 2733 586 2818 ,Trevirensin
622 2732 730 2804 Lassa
747 2729 926 2802 Dominus
941 2731 985 2797 de
1003 2728 1125 2798 Stern-

129 2841 242 2929 bergo
250 2879 265 2919 ,-
288 2835 464 2906 erdovici
476 2836 584 2927 Regis
604 2833 804 2906 Bobemiae
823 2835 977 2925 legatus,
1003 2829 1125 2900 Ludo-

130 2937 581 3022 ticusGumesPalatinos,
608 2937 896 3019 DurBavari'ae,
921 2931 1125 3004 Fridcric'us

129 3042 217 3112 Burs
239 3042 437 3126 saxoniae,
474 3031 673 3112 loaellimns
698 3040 721 3111 l.
749 3036 913 3109 Marcbio
937 3038 1124 3106 Branden-

131 3145 329 3238 btt'rgettsis.

141 3290 146 3301 ·
233 3237 349 3320 Velut
361 3264 474 3320 emen
483 3250 550 3320 iuit
563 3251 701 3320 faustae
718 3247 920 3328 electionis,
948 3245 1045 3340 quud
1063 3268 1124 3313 ne-

132 3364 194 3422 mo
218 3350 424 3424 Electorum
447 3356 587 3432 aberam
628 3356 688 3422 sed
715 3362 959 3420 convenerant
987 3366 1124 3430 omncs,

131 3467 173 3525 ut
201 3457 384 3527 communi
416 3456 566 3526 consilio
595 3467 701 3548 atque
730 3454 853 3521 animo
885 3462 1122 3519 renitentem

132 3568 298 3651 agerent,
326 3572 419 3652 quae
443 3562 488 3627 ad
513 3558 663 3628 salntem
688 3557 796 3627 totius
818 3555 919 3624 orbis·
933 3567 1123 3642 terrarum,

132 3672 169 3730 et
199 3663 252 3730 ad·
283 3661 488 3731 universam
522 3659 767 3752 posteritatem
804 3657 1009 3751 pertineret.
1072 3657 1124 3726 Ac

131 3765 194 3834 die‘
211 3756 307 3834 britii
324 3763 632 3855 decimoseptimo
650 3763 737 3830 anni
754 3762 934 3831 millesimi
950 3760 1123 3855 quingen-

132 3866 252 3936 tesimi
274 3868 404 3935 decimi
428 3867 535 3948 noni,
571 3868 608 3935 in
635 3869 721 3934 aede
744 3866 828 3934 Divi
851 3860 1123 3934 Baubolomaet

130 3969 424 4052 Franeblbtffiae
443 3958 658 4061 utauspicia
674 3964 809 4038 borum·
822 3967 1054 4038 consiliorum
1072 3992 1123 4037 cs-

131 4084 212 4143 sent
232 4072 391 4155 taelicia,
425 4096 565 4143 sacrum
590 4075 633 4142 de
657 4072 792 4164 Spiritu
815 4072 946 4141 Sancto
968 4070 1125 4140 celebra-¹

126 4190 210 4245 usn
227 4180 299 4258 est,
325 4176 362 4243 iu
380 4201 454 4270 quo
471 4179 515 4245 ad
531 4184 630 4245 aratu
648 4188 781 4247 stantes
797 4174 978 4245 Eleetores
993 4173 1123 4265 singuli

132 4278 305 4361 trabeati,
329 4279 554 4373 inspectante
574 4279 749 4362 Ecclesia,
777 4280 917 4371 publice
943 4279 1130 4349 insistam-

132 4384 220 4450 dum
241 4379 404 4472 religiose
431 4384 623 4454 dederunt:
657 4406 693 4452 se
712 4384 807 4452 bona
832 4384 900 4451 tide
920 4386 1124 4451 servaturos

132 4487 275 4553 deereta
285 4486 334 4552 de
347 4486 532 4570 electione,
548 4487 692 4581 quaein
711 4508 818 4556 aurea
829 4484 936 4556 Bulla·
949 4483 1016 4577 (sic
1027 4484 1126 4553 euim

133 4584 282 4678 imperii
297 4588 592 4658 constitutionem
606 4591 755 4683 vocant)
779 4590 918 4659 sancita
932 4602 1034 4658 samu·
1079 4587 1125 4655 Et

133 4690 278 4762 aucun
289 4715 328 4760 eo
346 4694 390 4761 de
403 4704 444 4760 re
458 4691 497 4760 ib
511 4708 619 4763 aurea
635 4690 737 4762 Brulla
754 4693 894 4784 publice
908 4692 989 4760 lecti
1005 4702 1099 4761 sunt.

237 4780 324 4863 llox
343 4797 389 4864 ab
404 4806 471 4863 ura
485 4795 524 4862 in
545 4797 739 4866 sacrarium
761 4797 912 4866 interius
935 4795 1010 4865 eius
1033 4808 1126 4863 tem-

133 4898 206 4990 pli,
232 4886 295 4967 ubi
317 4899 430 4968 veteri
451 4920 553 4968 ruore
572 4900 662 4968 soter
680 4900 804 4968 electio
820 4899 917 4977 fieri,
945 4899 1130 4990 prinsipes·

131 4997 314 5093 mutares
330 5000 480 5094 ingressi
496 5015 591 5085 sunt,
607 5001 657 5069 tbi
671 5001 917 5092 moguntinus,
936 5012 976 5070 ot
994 5001 1124 5070 delibe-

131 5100 320 5172 ustionem-
337 5107 602 5198 nuspicaretur,
629 5100 723 5173 lianc
747 5108 792 5174 ad
807 5105 978 5194 Collegas·
992 5106 1124 5173 or'atio-

130 5212 218 5275 ndm
240 5200 378 5278 babuit.
427 5208 480 5276 Ut
501 5209 543 5278 in
567 5208 719 5300 publico'
735 5218 840 5278 saero-
859 5219 946 5276 vota
965 5207 1125 5291 fecimus,

130 5318 177 5381 ut*
192 5307 296 5382 Deus·
315 5311 489 5402 gubernet
515 5312 661 5382 consitio
684 5322 813 5382 nostra·
833 5313 877 5380 de
899 5318 939 5380 r'e
962 5312 1124 5382 omnium

130 5413 311 5498 mainus,
347 5414 514 5484 uidelicet
541 5417 586 5485 de
614 5415 779 5507 eligendo
800 5411 1039 5506 imperatum:
1073 5415 1132 5483 ita·

131 5536 229 5585 nune
259 5528 452 5613 postquam
483 5519 667 5612 auspicato
691 5520 737 5588 ad
759 5514 853 5589 unic
877 5514 1131 5588 difficillimam

131 5618 427 5693 deliberationem
442 5617 704 5707 irttboand'artt,
729 5622 824 5691 inter
838 5621 1030 5713 iptttaraa'
1042 5625 1130 5693 euna

1178 2334 1254 2391 tutu
1279 2335 1350 2404 est,
1379 2335 1420 2391 ut
1443 2322 1577 2392 iudicio
1597 2337 1705 2419 atque
1723 2325 1916 2395 autoritate
1933 2327 2049 2396 nostri
2066 2327 2171 2396 colle·

1177 2424 1227 2512 g'ii
1249 2435 1445 2517 quaeratur
1460 2445 1659 2509 successor,
1687 2429 1748 2520 qni
1765 2430 1896 2497 molem
1916 2442 2097 2498 tantarum
2115 2449 2177 2498 rev

1177 2549 1264 2595 rum·
1276 2526 1452 2597 sustinere
1470 2527 1592 2618 possit.

1280 2628 1456 2723 Equidem
1479 2653 1632 2721 agnosco
1656 2628 1738 2701 buic
1755 2646 1828 2700 tam
1846 2631 1982 2701 difficili
1998 2632 2172 2702 delibera

1178 2733 1269 2800 ttoni
1295 2732 1439 2802 nullum·
1464 2728 1662 2805 humanam
1694 2735 1907 2827 sapientiam
1930 2753 2056 2829 parem
2078 2747 2173 2815 esse;

1177 2837 1245 2906 sed·
1262 2860 1320 2904 me
1341 2836 1380 2903 in
1397 2831 1562 2906 hiscuris'
1577 2839 1769 2930 praecipue
1783 2835 1871 2907 baec
1888 2838 2088 2908 consolatio
2104 2837 2179 2907 eri-¹

1177 2939 1246 3029 git,
1280 2942 1481 3031 quodcum
1509 2940 1659 3032 imperia
1683 2942 1855 3012 divinitus
1880 2942 2072 3012 constituta
2088 2942 2172 3024 siut,

1176 3064 1251 3110 non
1276 3042 1424 3125 dubito,
1452 3055 1487 3110 et
1509 3056 1674 3114 nostrum
1697 3046 1927 3135 collegium‘a
1947 3044 2025 3112 Deo
2044 3045 2171 3135 guber-

1176 3144 1277 3225 nari,
1305 3147 1380 3238 qui,
1406 3148 1436 3215 si
1452 3169 1518 3215 nos
1531 3146 1667 3238 legibus
1682 3150 1814 3232 nostris
1831 3147 2171 3238 obtemperabimus,

1176 3248 1208 3319 si
1219 3246 1412 3339 pietatem,
1438 3250 1557 3329 fidem,
1584 3265 1619 3318 et
1634 3245 1869 3340 diligentiam,
1895 3261 2070 3345 quantum
2087 3266 2171 3342 pro·

1176 3351 1262 3442 spici
1290 3347 1480 3420 bominum
1506 3352 1685 3423 mentibus
1708 3366 1842 3445 potest,
1861 3353 2172 3445 praestiterimus,

1177 3454 1397 3545 aspiraturus
1430 3467 1482 3523 est
1516 3455 1672 3526 consiliis
1708 3456 1858 3535 nostris,
1900 3469 1939 3525 ut
1961 3457 2098 3526 electio
2126 3456 2176 3527 sit'

1175 3558 1290 3626 fausta
1316 3581 1355 3624 ac
1380 3557 1462 3625 felix
1478 3559 1638 3647 patriae,
1666 3561 1890 3628 ac'universo
1907 3561 2049 3628 nomini
2067 3556 2180 3630 iibri·-¹

1175 3657 1304 3730 stiano.

1278 3761 1418 3832 Deinde
1446 3788 1510 3846 ea,
1542 3788 1633 3859 quae
1662 3766 1698 3833 in
1726 3764 1789 3834 tali
1816 3778 1941 3836 senatu
1968 3776 2003 3835 et
2028 3786 2177 3836 summo·

1176 3866 1326 3936 consilio
1349 3868 1446 3937 orbis
1466 3880 1643 3938 terrarum
1659 3869 1796 3961 requiri
1811 3882 1981 3961 possunt,
2009 3869 2114 3939 video
2133 3869 2171 3937 in

1176 3970 1278 4039 r'obis
1302 3993 1392 4040 esse:
1427 3988 1547 4040 rerum
1573 3996 1699 4055 usum,
1733 3972 1966 4063 sapientiam,
1999 3973 2170 4064 pietatem

1176 4090 1259 4164 erga
1284 4071 1423 4153 Deum,
1458 4075 1563 4142 fidem
1589 4099 1671 4166 erga
1698 4075 1977 4167 rempublicam,
2011 4076 2169 4144 studium

1176 4176 1446 4268 tranquillitatis
1464 4178 1676 4247 communis.
1721 4177 1884 4273 Cumque
1899 4177 2176 4270 praeripuere·

1175 4279 1230 4349 bis
1245 4281 1437 4347 concordia
1458 4303 1548 4371 opus
1562 4281 1626 4363 sit,
1654 4282 1860 4351 declarastis
1878 4306 1918 4350 ea
1938 4280 1975 4348 in
1994 4294 2033 4346 r'e
2049 4278 2176 4372 aliqua

1177 4404 1219 4451 ex
1233 4395 1334 4474 parte
1349 4383 1569 4451 voluntatem
1586 4395 1753 4468 vestram,
1778 4385 1875 4476 quod
1892 4382 1968 4451 siue
1984 4392 2175 4450 conturna·

1177 4485 1229 4553 cia
1255 4509 1379 4555 omnes
1403 4485 1620 4577 intempore
1641 4486 1868 4556 convenistis.
1921 4484 2174 4577 Quamobrem

1177 4588 1278 4656 vobis
1302 4588 1446 4678 publico
1467 4589 1615 4657 nomine
1632 4589 1764 4679 gratias
1779 4612 1860 4680 ago.
1913 4588 1959 4657 Et
1973 4588 2083 4657 modo
2101 4587 2171 4656 ius-

1176 4692 1369 4761 iucundum
1394 4692 1558 4775 dedistis,
1593 4718 1673 4761 cum
1699 4690 1907 4762 incaeteris
1932 4690 2092 4761 articulis
2107 4690 2171 4760 ob·

1176 4804 1439 4887 temperaturos
1467 4819 1538 4865 vos·
1556 4806 1630 4866 esse
1653 4795 1807 4887 legibus,
1840 4808 1916 4866 tum
1943 4812 2030 4882 pero
2055 4794 2096 4862 in¹
2115 4812 2172 4876 eo,

1177 4898 1240 4992 qni
1274 4901 1320 4967 ad
1354 4898 1578 4967 retinendam
1615 4914 1842 4970 communem
1872 4896 2170 4992 tranquillitatem

1176 5001 1367 5094 praecipue
1390 5002 1566 5094 pertinet,
1600 5002 1644 5070 aa·
1662 5000 1735 5085 illi,
1776 5003 1842 5096 qui
1858 5000 2020 5094 plurium
2044 4994 2192 5071 suffra:

1177 5103 1246 5195 giis·
1274 5128 1337 5173 rex
1371 5112 1516 5175 creatus·
1545 5118 1582 5174 et
1611 5105 1838 5176 renuntiatus
1871 5105 2000 5188 blerit,
2046 5116 2197 5174 omues

1177 5207 1359 5278 obediant.
1639 5212 1641 5219 ’
1691 5220 1695 5235 “

1231 5346 1235 5353 -
1281 5311 1403 5404 Quare
1432 5311 1517 5381 satis
1545 5311 1728 5402 prouisum
1762 5314 1815 5382 est
1840 5311 2092 5392 iureiurando,
2125 5316 2176 5373 n'e

1178 5423 1248 5509 qtt‘a
1279 5415 1422 5507 publica
1454 5415 1495 5482 in
1514 5414 1671 5506 imperio
1690 5414 1868 5486 discordia
1895 5414 2044 5483 oriatur.
2103 5404 2176 5476 Ηὶὅ

1178 5518 1298 5611 aditos
1326 5521 1374 5587 ud
1404 5528 1548 5588 causam
1571 5530 1755 5601 nostram,
1797 5518 1942 5599 honam,
1956 5508 2046 5583 mibi
2069 5518 2176 5603 speria·

1176 5620 1262 5691 istit
1274 5623 1323 5689 de
1337 5621 1499 5704 caerem,
1517 5644 1610 5716 quae
1624 5630 1763 5693 restant
1778 5620 1928 5712 agenda.
1961 5617 2030 5685 seu
2048 5618 2174 5684 auen
