5125 6525
281 3540 286 3555 ,
390 3469 593 3541 Declinatio
624 3493 666 3538 ex
694 3468 858 3560 analogia
889 3479 1052 3560 petatur,
1087 3468 1201 3536 donec
1229 3465 1385 3537 Graecas

372 406 465 534 ¹asso
655 530 663 546 κ
828 539 835 556 Ι
975 442 1101 522 anu.
1126 442 1241 520 uun.
1266 441 1472 520 scauri
1494 441 1837 523 nnuonouca
2050 447 2056 455 ’
2233 386 2235 391 J
2351 450 2433 532 sss

346 604 352 612 ³
388 624 486 695 siant
509 619 548 687 in
572 615 811 688 declinatione
835 616 959 687 talium
983 618 1172 688 nominum
1187 614 1235 709 ¹⁵¹)
1251 612 1384 711 Λάχης
1537 618 1750 692 Masculina.
1854 618 2081 691 Foeminina.
2183 617 2334 694 Neutra.

388 722 563 819 Λάχητος
587 733 622 791 ct
644 714 782 790 Laches
798 714 945 793 ¹Inachis.
1335 755 1345 772 ·
1588 720 1673 792 Duo
1902 722 2006 793 Duae
2185 720 2270 793 Duo

492 824 679 917 Quaedam
703 822 871 892 bifariam
894 822 1108 893 efferuntur:
1135 816 1194 890 bic
1214 820 1384 913 angipor-
1587 822 1754 894 Duorum
1901 824 2065 896 Duarum
2186 823 2353 897 Duorum

389 944 466 1013 tus,
493 940 529 998 et
544 921 614 996 hoc
631 925 883 1019 angiportum,
904 926 1064 996 tonitrus
1078 938 1113 995 et
1127 924 1278 997 tonitru.
1314 921 1385 993 Ve·
1588 925 1740 998 Duobus
1901 925 2051 999 Duabus
2185 924 2337 1014 Duobus

390 1057 470 1104 rum
488 1026 577 1100 haec
592 1055 676 1100 usus
691 1028 844 1098 docebit.
1589 1027 1703 1113 Duos,
1729 1027 2004 1123 antiqueDnas
2185 1027 2282 1120 Duo.

312 1217 318 1241 ι
495 1132 683 1203 Sestertius
710 1143 745 1200 et
772 1129 971 1216 sestertium
997 1128 1256 1222 significatione
1282 1126 1384 1197 diffe·
1460 1117 1473 1134 ⁸
1587 1146 1684 1220 Duo,
1725 1147 1763 1217 si
1780 1149 1852 1219 duo
1869 1162 2054 1242 praeterea
2071 1148 2159 1219 tales
2173 1146 2278 1220 Idaea
2294 1150 2435 1223 tultam

391 1249 488 1308 runt.
1297 1277 1300 1290 ·
1436 1248 1549 1320 Terra
1573 1252 1692 1335 v'iros,
1720 1253 1816 1342 a'pud
1837 1250 2030 1344 Virgilium
2055 1247 2165 1349 [Aen.
2179 1247 2239 1339 Xi,
2253 1248 2331 1329 285
2345 1248 2433 1351 sq.].

582 1386 645 1456 De
671 1385 911 1477 speciebus
937 1383 1186 1452 nominum.
1538 1369 1597 1440 Sic
1613 1383 1649 1440 et
1661 1371 1775 1440 ambo
1795 1371 2008 1442 declinatur.

494 1523 562 1592 Hic
575 1518 666 1592 mihi
681 1544 795 1614 pauca
811 1523 854 1591 de
870 1519 1059 1588 nominum
1075 1516 1258 1609 speciebus
1266 1513 1316 1612 ⁸⁶)
1332 1516 1385 1585 di·
1486 1503 1686 1575 Masculina
1705 1517 1739 1574 ei
1754 1505 1980 1576 Foeminina·
2031 1505 2181 1577 Neutra·

392 1631 502 1699 cenda
518 1638 621 1709 sunt,
649 1624 995 1692 commonendorum
1012 1644 1208 1712 puerorum
1223 1642 1341 1688 rausa.
1641 1607 1733 1677 'l'res
2054 1608 2144 1678 'l'ria
2269 1659 2279 1678 .

494 1727 587 1800 Sunt
618 1726 713 1796 enim
746 1725 815 1794 alia
845 1723 1063 1816 possessiva,
1104 1735 1144 1793 ut
1168 1720 1385 1803 Evandrius,
1504 1761 1510 1768 ν
1642 1709 1772 1777 Trium
2055 1708 2184 1780 Trium

393 1856 485 1926 quae
505 1828 763 1922 possessionem
788 1827 1000 1919 significant.
1643 1810 1776 1881 Tribffl
2054 1811 2188 1883 Tribus

496 1933 575 2000 Alia
609 1930 898 2012 denominativa,
931 1940 972 1999 ut
1002 1921 1193 2018 abiegnus,
1223 1925 1385 2004 ficulnus,
1641 1913 1732 1983 Tres
2056 1913 2157 1986 Tria·

392 2038 550 2117 ferreus,
585 2057 676 2127 quae
698 2056 803 2124 saepe
830 2031 1016 2101 materiem
1040 2030 1260 2122 significant,
1295 2050 1386 2095 non·
1540 2030 1686 2102 Caetera
1705 2032 1750 2101 ad
1769 2045 1910 2103 centum
1931 2058 2044 2129 usque
2058 2058 2134 2102 non
2150 2033 2389 2105 declinantur.

338 2156 342 2162 ’
392 2161 579 2231 nunquam
593 2136 748 2228 copiam,
772 2146 834 2203 aut
848 2132 1132 2216 similitudinem,
1156 2143 1217 2202 aut
1229 2132 1385 2199 formam
1540 2133 1749 2228 Composita
1766 2135 2008 2206 declinantur:
2036 2135 2210 2220 Ducenti,
2234 2133 2431 2217 Ducentur,
2469 2206 2478 2224 ‚

393 2241 614 2333 significant,
641 2251 682 2307 ut
697 2239 861 2320 vinosus,
888 2235 1144 2317 moribundus,
1170 2230 1361 2322 docilisss).
1437 2237 1613 2309 Ducenta.

496 2341 576 2410 Alia
617 2339 851 2424 diminutiva,
899 2339 1101 2420 corculum,
1144 2335 1387 2429 parasitaster,
1539 2339 1640 2410 Mille
1663 2340 1836 2411 adiective
1859 2363 1934 2409 non
1957 2339 2175 2425 declinatur,
2208 2338 2445 2410 substantive·

394 2470 502 2541 quam
526 2445 682 2512 formam
704 2454 832 2534 putant
854 2442 1092 2511 imitationem
1117 2439 1329 2531 significare.
1438 2443 1648 2514 declinatur.

494 2547 574 2617 Alia
607 2544 785 2627 verbalia,
819 2567 973 2635 qnorum
1006 2542 1280 2612 terminationes
1303 2551 1388 2612 tunt
1539 2546 1639 2614 Mille
1659 2546 1698 2614 in
1716 2544 1908 2636 singulari,
1935 2544 2101 2615 omnibus
2115 2544 2254 2616 casibus
2271 2544 2430 2625 effertur,

392 2649 458 2731 Or,
477 2660 518 2719 ut
533 2646 675 2730 Lector,
701 2644 753 2730 lo,
779 2659 819 2717 ut
833 2643 970 2730 Lectio,
997 2657 1104 2739 atque
1119 2641 1187 2715 bae
1202 2646 1295 2713 duae
1311 2646 1389 2713 ior·
1438 2646 1649 2731 pluraliter,
1676 2647 1809 2730 millia,
1835 2646 2008 2730 millium,
2034 2647 2212 2730 millibus,
2239 2646 2364 2717 miliia.

391 2777 472 2821 mae
494 2753 568 2819 iere
593 2775 612 2818 a
635 2749 772 2841 supinis
796 2749 963 2826 veniunt;
1004 2747 1111 2831 Men,
1137 2760 1177 2818 ut
1199 2746 1387 2838 Regimen,
1953 2822 1955 2825 .

393 2854 511 2934 Tum,
537 2850 925 2937 utDocumentumV).
1700 2847 1773 2919 DE
1805 2846 2167 2921 PRONOMINE.

495 2953 575 3058 iiiia
600 2953 872 3047 patronymica,
908 2975 1000 3046 quae
1024 2965 1166 3043 gentem
1193 2964 1256 3023 aut
1277 2952 1387 3044 origi-

392 3081 476 3130 nem
502 3056 722 3149 significant,
759 3067 800 3125 ut
823 3053 1040 3139 Priamides,
1081 3050 1259 3138 Thebais,
1292 3051 1386 3138 Ilias,

344 3261 348 3273 ,
390 3162 538 3237 Nerine·
1439 3207 1517 3264 erat
1532 3189 1830 3289 commodum‘).
1869 3189 2021 3264 Ovidius
2045 3188 2108 3291 [ex
2123 3191 2243 3261 Ponto
2259 3188 2429 3284 episcill.

393 3367 404 3386 .
494 3262 587 3335 ⁸⁰⁰1
627 3274 747 3333 “illem
789 3258 1039 3382 P³i¹⁰¹jl¹mi⁰³
1077 3258 1200 3330 ⁰¹⁰¹¹i³
1234 3258 1386 3380 §Peme
1438 3296 1475 3382 4,
1489 3292 1569 3389 62]
1593 3297 1698 3367 dixit:
1732 3295 1930 3391 Gratiaquc
1956 3297 2093 3380 officio,
2120 3298 2219 3391 quod
2237 3318 2341 3365 mora
2357 3307 2430 3364 tar-

391 3370 474 3439 adeo
508 3391 574 3438 11⁰³
608 3389 734 3436 eorum
766 3365 1021 3434 i⁰¹¹¹¹³i¹⁰¹¹0¹¹¹
1054 3375 1385 3456 Pffi‘i‘fmstumffl·
1436 3402 1511 3485 dat,
1538 3402 1647 3470 abest.
1699 3398 1738 3469 Si
1754 3411 1918 3492 exempto
1935 3399 2152 3491 pronomine
2167 3424 2350 3492 supponas
2363 3424 2430 3469 no·

1437 3528 1540 3588 men,
1566 3526 1685 3574 sermo
1708 3515 1743 3572 et
1763 3504 1933 3574 obscurus
1956 3516 1992 3573 et
2014 3504 2219 3574 inconditus
2247 3504 2333 3587 erit,
2359 3499 2430 3573 hoc

1437 3609 1563 3676 modo:
1606 3604 1731 3676 Gratia
1764 3607 1863 3676 abest
1894 3606 2031 3692 officio,
2070 3620 2106 3677 et
2129 3606 2286 3677 officium
2310 3607 2428 3677 tardat

1436 3733 1551 3780 mora.
1602 3707 1651 3777 Et
1665 3710 1704 3776 in
1720 3711 2022 3795 demonstrando,
2047 3709 2186 3803 Nempe
2199 3722 2241 3780 ut
2257 3722 2426 3780 curentur

1434 3824 1531 3883 recte
1544 3807 1645 3882 haec.
2094 3810 2101 3817 ’

495 3910 706 3982 Masculina.
809 3909 1035 3980 foeminina.
1139 3909 1289 3982 Neutra.
1536 3914 1711 3986 Accidunt
1736 3913 1967 3984 Pronomini:
2008 3914 2169 4008 Species,
2193 3913 2429 4006 Significatio,

545 4013 649 4086 Unus
853 4013 937 4083 lina
1140 4012 1265 4084 Unum
1435 4018 1575 4102 Genus,
1601 4017 1803 4110 Numerus,
1827 4017 1979 4110 figura,
2003 4019 2186 4100 Persona,
2213 4018 2336 4089 Casus.

545 4116 663 4188 Unius
851 4116 970 4188 Unius
1139 4116 1257 4187 Unius
1536 4120 1628 4192 Sunt
1644 4133 1764 4192 autem
1781 4121 2005 4190 Pronomina
2021 4118 2125 4192 itaer:
2154 4118 2244 4213 Ego,
2263 4119 2332 4203 Tu,
2350 4119 2428 4203 Sui,

542 4218 618 4290 Uni
852 4219 927 4290 Uni
1137 4220 1212 4290 Uni
1432 4220 1515 4305 iiie,
1548 4222 1697 4320 taren),
1727 4220 1825 4315 lpse,
1857 4223 1942 4309 liic,
1974 4222 2027 4308 is,
2054 4224 2164 4316 Quis,
2191 4223 2282 4317 Qui,
2308 4222 2429 4307 Meus,

544 4323 666 4394 Unum
853 4323 973 4393 Unam
1138 4323 1271 4395 Unum.
1433 4324 1547 4411 Tuus,
1573 4327 1677 4411 Suus,
1701 4326 1843 4410 Noster,
1869 4327 2008 4412 Vester,
2032 4327 2195 4412 Nostros,
2217 4324 2375 4397 Vestras.

489 4439 547 4510 Sic
562 4453 598 4509 et
613 4441 770 4509 derivata
782 4439 830 4539 ιο)
846 4440 1090 4526 declinantur,
1116 4442 1225 4528 ullus,
1247 4444 1381 4531 nullus,

388 4555 487 4624 uter,
512 4555 649 4613 neuter.

1540 2986 1749 3057 Pronomen
1771 2997 1822 3056 est
1844 3010 1932 3069 vox,
1966 3011 2038 3080 qua
2062 2985 2200 3056 utimur
2221 2984 2259 3053 in
2281 2986 2429 3054 demon·

1437 3092 1584 3161 stranda
1611 3103 1673 3159 aut
1693 3091 1886 3181 repetenda
1910 3112 1970 3170 re,
2002 3113 2084 3160 cum
2109 3087 2256 3157 nomine
2279 3088 2332 3157 uti
2354 3112 2429 3157 non

393 3572 647 3644 declinationes
665 3570 786 3669 licebit
808 3594 1032 3662 cognoscere.

493 3674 585 3745 Sunt
610 3685 644 3743 et
664 3672 884 3756 numeralia,
923 3695 1078 3765 quorum
1108 3671 1383 3744 declinationem

392 3777 554 3868 oportuit
568 3770 628 3844 hic
641 3775 737 3844 inter
753 3774 920 3843 anomala
936 3773 1095 3843 indicare
1106 3771 1164 3863 ⁵⁸).
1285 3807 1287 3810 ·

1831 4498 2028 4590 Species.

1405 4680 1409 4719 ,
1534 4616 1721 4687 Primitiva
1747 4630 1846 4688 sunt:
1893 4617 1993 4709 Ego,
2017 4616 2097 4701 Tu,
2126 4617 2211 4703 Sui,
2236 4615 2319 4700 lile,
2345 4614 2430 4699 lste,

1405 4717 1528 4839 lipsa,
1553 4719 1640 4804 liic,
1663 4717 1717 4805 is,
1744 4720 1852 4813 Quis,
1879 4720 1963 4814 Qui.

422 4824 472 4893 ss)
489 4825 676 4876 ntuutnt-
688 4829 840 4891 nominum]
857 4831 942 4884 utto.
957 4833 1044 4898 ists,
1061 4849 1086 4886 ι.
1098 4845 1139 4886 a:
1166 4833 1286 4887 vertent
1297 4837 1380 4889 suan
1406 4846 1409 4879 ι
1533 4821 1686 4916 Reliqua
1707 4837 1790 4894 sunt
1808 4824 1968 4894 derivata
1981 4821 2040 4921 ⁰²).
2088 4823 2181 4896 Nam
2201 4846 2221 4892 a
2238 4823 2310 4890 mei
2326 4820 2427 4913 geni·

455 4895 771 5032 fflflfflligffim
789 4901 901 4964 ΨΜ
919 4903 1073 4954 nominituo
1090 4903 1282 4970 ⁶⁰⁰¹¹¹¹⁸¹¹¹¹⁸’
1308 4918 1379 4970 ‘¹⁰⁸⁸
1430 4924 1505 4996 tivo
1527 4928 1567 4995 iit
1590 4951 1711 5010 meus,
1744 4950 1765 4996 a
1787 4939 1951 4999 nostrum
1975 4928 2015 4997 fit
2037 4938 2177 5010 noster,
2206 4937 2288 4994 tuus
2310 4947 2329 4990 a
2358 4925 2428 5007 tui,

420 5049 469 5117 ab)
488 5051 625 5105 nonmon
642 5054 801 5118 speciosos]
828 5057 913 5110 καίει.
933 5059 1027 5123 Μ,
1050 5072 1074 5109 s.
1091 5071 1132 5112 a:
1164 5061 1309 5125 speeiem.
1325 5077 1378 5116 no·
1430 5042 1547 5100 vester
1565 5054 1584 5099 a
1602 5029 1732 5114 vestri,
1757 5056 1842 5102 suus
1861 5055 1881 5099 a
1897 5032 1971 5116 sui,
1996 5028 2106 5101 Cuius
2128 5029 2207 5099 cuia
2232 5025 2376 5109 cuium,
2404 5050 2423 5096 a

454 5122 572 5220 ’Μ
1430 5133 1587 5224 genitivo
1604 5133 1715 5205 cuius.

419 5203 470 5272 bd)
491 5204 611 5274 docilia]
631 5208 681 5261 Ed.
700 5223 724 5260 a.
738 5219 780 5261 ιε
804 5207 941 5264 indocilis.

419 5288 469 5358 07)
488 5304 602 5354 quoru·
619 5316 654 5330 -
671 5292 889 5362 numentum]
915 5308 967 5359 pro
989 5297 1051 5363 tte,
1083 5298 1167 5352 tritt
1187 5299 1282 5366 tm,
1310 5316 1333 5354 s.
1350 5315 1378 5357 a.

451 5361 566 5413 habenta
593 5364 623 5411 ut
636 5363 745 5427 lector,
762 5364 862 5430 lectio,
880 5366 1019 5430 reginen,
1038 5366 1237 5420 documentum

418 5446 466 5511 aa)
485 5459 601 5511 aaaron
621 5473 656 5484 -
672 5448 818 5510 inerma]
836 5451 920 5501 aare,
942 5451 1028 5519 sug,
1046 5467 1071 5502 ,,
1083 5465 1128 5508 2,
1156 5466 1271 5518 qum.
1288 5456 1376 5508 mg.
1461 5435 1511 5502 00)
1530 5448 1592 5486 san
1608 5461 1643 5473 -
1661 5432 1851 5501 oon-odom]
1870 5435 1955 5487 udttt.
1968 5435 2057 5501 tm,
2074 5451 2100 5490 ι.
2113 5447 2155 5488 a:
2174 5435 2221 5488 ubi
2238 5432 2356 5493 noutnis
2374 5444 2423 5483 rs·

452 5516 593 5567 nationem
620 5515 758 5580 integram
788 5519 925 5569 voluimus
952 5521 994 5571 bio
1021 5521 1157 5587 afluere,
1188 5527 1220 5574 ut
1243 5528 1323 5576 esset
1346 5525 1374 5576 ln
1496 5504 1592 5567 P‘Viii’
1609 5504 1722 5568 infimi*
1739 5507 1800 5555 “iii
1817 5505 1920 5555 filim·

452 5585 580 5649 ere-ete
597 5585 626 5633 οἱ
642 5583 671 5634 ¹¹1
687 5589 837 5650 consuetu
851 5589 954 5651 suoru.
1459 5591 1509 5660 er)
1528 5590 1617 5658 ma]
1635 5593 1664 5643 m
1681 5594 1732 5647 na.
1751 5609 1776 5644 ι.
1791 5605 1819 5647 ι,
1838 5594 1925 5646 oenc

416 5667 465 5735 ω)
483 5669 625 5728 derivata]
642 5668 727 5722 uota
747 5671 834 5739 tuo,
852 5687 877 5727 a.
888 5684 933 5728 a:
958 5675 1115 5728 derivativa
1458 5677 1508 5744 ἃ)
1526 5675 1677 5745 derivata]
1696 5679 1782 5734 uult.
1802 5679 1890 5742 Μ,
1910 5692 1936 5731 s.
1949 5691 1993 5734 ιε
2018 5679 2184 5733 ocrim
