5125 6525
132 392 208 467 soa
320 330 387 464 v.
419 365 677 459 ntsrontau
703 385 949 481 oumoau
971 384 1249 460 mursam
1274 385 1421 462 nrm
1450 386 1684 463 eunucis
1709 387 1990 465 moriones.
2095 394 2180 489 eos,

134 586 220 634 casu
233 559 319 629 ferit
333 560 433 629 illam
449 561 658 630 ollam-cum
676 558 800 642 melle,
828 571 863 628 et
878 559 1013 650 frangit
1032 583 1126 630 eam.

135 664 195 735 sic
213 661 332 731 inanis
347 674 426 732 erat
441 662 626 753 cogitatio.

242 776 490 851 cctxxvnt.
529 779 667 849 Ferunt
699 780 878 872 quendam
914 778 1052 850 venisse
1085 782 1129 849 ad

136 883 314 953 Davidem
333 894 369 951 et
384 882 604 953 consuluisse
626 905 729 964 eum,
762 882 859 975 quod
885 881 1132 953 commodissi-¹

137 1010 237 1056 mum
252 985 320 1055 sibi
334 985 534 1068 videretur,
561 1009 609 1054 an
626 986 772 1054 duceret
786 982 982 1074 virginem,
1010 1008 1057 1052 an
1078 985 1131 1051 vi·

137 1090 266 1170 duam,
292 1109 340 1155 an
357 1112 450 1182 quae
468 1089 609 1158 duobus
622 1087 709 1158 viris
730 1098 835 1155 antea
859 1099 971 1178 nupta
996 1086 1130 1158 fuisset.

137 1190 242 1260 llunc
262 1187 380 1258 David
404 1193 451 1259 ad
471 1190 583 1260 filium
601 1188 834 1259 Salomonem
842 1186 890 1281 ⁸⁸)
915 1189 1031 1272 misit,
1068 1188 1131 1283 qui

137 1306 224 1363 tunc
236 1315 315 1360 cum
334 1292 414 1366 aliis
426 1293 547 1385 pueris
563 1292 748 1386 equitabat
762 1293 799 1359 in
816 1291 993 1360 arundine
1010 1292 1130 1382 longa.

136 1394 206 1463 Hic
221 1393 425 1484 respondit:
434 1391 484 1491 ⁸)
518 1396 586 1470 &itt
602 1395 704 1485 virgo
723 1395 783 1467 ttit
810 1400 853 1468 oa
876 1395 970 1479 mitt,
1003 1396 1055 1468 eis
1080 1394 1132 1461 vi-

138 1501 207 1566 dua
226 1497 288 1568 saie
306 1496 347 1584 tie
361 1497 441 1588 trit,
468 1499 517 1574 tte
542 1516 632 1591 guerr
655 1498 793 1590 gebsbt,
820 1496 901 1587 burt
922 1498 1010 1587 bid),
1043 1498 1131 1569 ateis

137 1595 223 1694 ptest
236 1597 352 1691 [dtegt
367 1595 470 1693 θὶῷ

238 1714 454 1787 CCLXXlX.
489 1716 587 1787 Civis
606 1716 754 1809 qnidam
777 1712 947 1787 honestus
967 1741 1009 1786 ac
1034 1716 1132 1786 dives

138 1813 419 1909 Christoplrorus
427 1819 735 1909 Baumgartnerus
747 1843 894 1888 uxorem
907 1842 1008 1890 suam
1016 1816 1130 1889 Elisa·

136 1920 257 1990 betam
273 1921 460 2011 perdivitis
475 1920 710 2011 negotiatoris
723 1921 852 2005 filiam,
878 1920 1132 1990 nominellen-

138 2020 370 2094 rici'Davidis
386 2024 510 2107 liliam,
535 2036 734 2114 suspectam
750 2019 917 2104 babebat,
944 2028 1042 2118 quod
1058 2026 1131 2093 lur-

138 2126 250 2194 tivam
273 2126 567 2197 consuetudinem
590 2121 739 2196 haberet
763 2135 843 2214 cam
867 2128 1025 2205 famulo;
1051 2138 1131 2196 tan-

138 2240 216 2297 tum
241 2241 319 2297 erat
344 2228 500 2321 suspicio
530 2228 637 2301 nullis
663 2227 770 2302 cerffl
785 2203 1013 2321 lrgumentis
1034 2228 1130 2298 nixa.

138 2327 191 2399 Ea
209 2352 275 2421 per
291 2332 512 2402 occasionem
534 2329 771 2425 increvitffl),
798 2357 878 2402 cum
895 2332 1051 2402 famulus
1069 2332 1131 2399 ab·

139 2443 249 2513 emet,
273 2456 293 2500 a
313 2434 461 2503 domino
485 2436 612 2503 missus
629 2433 794 2524 colligere
817 2458 838 2502 a
862 2434 966 2503 certis
989 2433 1133 2502 debito·

137 2532 238 2602 ribus
259 2535 461 2625 pecuniam.
513 2535 580 2605 Vir
603 2534 782 2624 ingressus
806 2535 902 2605 illius
927 2535 1130 2605 cubiculum

138 2657 296 2718 venans,
321 2637 472 2728 opinor,
498 2650 769 2728 argumentum,
795 2661 868 2731 quo
891 2638 1132 2719 convinceret,

140 2738 239 2831 quod
257 2740 522 2830 suspicabatur;
555 2737 691 2832 reperit
705 2739 744 2807 in
759 2739 885 2809 famuli
902 2739 1024 2831 caligis
1040 2739 1132 2829 ligu-

138 2841 193 2911 las
208 2839 350 2913 sericas.
400 2842 489 2913 Mox
504 2843 710 2913 accersitam
731 2842 918 2932 coniugem
941 2853 1132 2934 perconta-

139 2956 219 3025 tur,
241 2958 450 3015 nosceretne
466 2945 546 3016 illas
562 2945 708 3035 ligulas,
735 2958 798 3014 aut
813 2946 909 3014 unde
926 2968 1050 3015 servus
1067 2966 1131 3011 na-

140 3057 216 3114 ctus
233 3059 341 3131 esset,
367 3072 452 3117 nam
477 3071 560 3118 suos
584 3070 658 3117 esse
681 3046 795 3116 novit.
848 3046 1018 3117 Conlessa
1035 3058 1088 3117 est
1109 3069 1130 3113 a

139 3169 177 3217 se
199 3147 364 3219 donatas.
419 3148 514 3219 Tum
537 3149 688 3219 maritus
705 3160 746 3219 nt
759 3172 885 3219 verum
902 3159 1134 3243 extorqueret

139 3261 239 3322 metu
254 3251 442 3343 pugionis,
469 3276 678 3324 mucronem
695 3251 814 3335 ventri
835 3251 995 3324 mulieris
1015 3250 1132 3342 impo-

141 3351 215 3436 nit,
250 3353 464 3447 promittens
491 3351 584 3425 nihil
610 3355 772 3424 futurum
803 3355 912 3437 mali,
944 3354 974 3424 si
1006 3376 1132 3422 verum

142 3455 390 3548 profiteretur,
428 3470 464 3526 et
490 3480 564 3549 quo
586 3454 701 3546 magis
722 3454 904 3547 pelliceret
927 3456 975 3523 ad
996 3453 1133 3523 conlea-

141 3556 299 3641 sionem,
324 3559 400 3650 ipse
415 3558 518 3649 prior
532 3559 645 3628 fassus
660 3569 713 3626 est
734 3580 771 3626 se
792 3557 1011 3628 commisisse
1033 3556 1133 3625 adul·

140 3660 293 3744 terium,
325 3660 421 3729 idem
444 3660 489 3729 de
513 3683 624 3730 uxore
647 3659 835 3751 suspicari.
891 3657 952 3729 llla
975 3657 1133 3751 primum

142 3759 393 3857 inficiaturfl),
420 3764 563 3832 tandem
584 3773 732 3853 urgente
746 3763 878 3831 marito
894 3762 1135 3845 confessam,

143 3877 178 3932 et
194 3864 269 3955 ipse
288 3866 484 3936 confessam
511 3864 662 3936 maritus
682 3863 829 3935 dimisit.
880 3864 1023 3934 Territa
1049 3886 1134 3933 con-

141 3966 232 4058 fugit
265 3969 309 4035 ad
341 3991 501 4037 sororem
528 3967 566 4036 in
596 3991 709 4059 pago,
747 3967 895 4036 nomine
916 3960 1133 4037 Bratteziclr.

141 4069 271 4139 Actum
288 4082 341 4140 est
352 4094 418 4163 per
431 4071 573 4139 affinem
589 4082 624 4139 et
639 4069 864 4163 propinquos
888 4071 932 4138 de
955 4068 1073 4138 reditu
1095 4067 1134 4135 in

143 4172 308 4263 gratiam.
360 4172 515 4245 Maritus
530 4197 568 4242 se
583 4172 793 4264 placabilem
811 4167 989 4249 exhibuit;
1024 4168 1134 4239 redit·

144 4297 212 4367 que
235 4275 364 4373 mulier
389 4270 564 4346 sabbatho
591 4275 627 4346 δ.
650 4276 708 4344 die
723 4275 896 4365 Augusti,
928 4271 1134 4343 deducenti·

141 4378 209 4445 bus
238 4401 317 4446 eam
348 4378 487 4472 aliquot
519 4380 679 4468 cognatis
705 4390 740 4446 et
769 4377 1002 4470 propinquis,
1043 4398 1134 4468 quos

142 4478 293 4549 maritus
315 4481 445 4572 excipit
467 4477 577 4548 hilari
599 4479 907 4571 compotiuncula;
942 4479 1133 4548 discessum
1158 4520 1162 4569 t

143 4595 196 4653 est
212 4605 291 4652 cum
310 4582 570 4674 gratulatione,
598 4595 649 4667 et,
675 4594 716 4652 ut
730 4582 850 4665 aiunt,
877 4604 917 4650 ea
938 4593 1043 4650 nocte
1066 4578 1135 4649 fuit
1158 4572 1163 4673 Ι

143 4684 222 4752 viro
238 4698 273 4753 et
289 4686 393 4755 uxori
409 4686 521 4756 lectus
535 4684 756 4769 communis,
781 4709 828 4752 ne
852 4686 949 4777 quod
967 4682 1134 4752 offensio·

142 4787 198 4857 nis
232 4788 421 4879 vestigium
455 4788 611 4857 residere
646 4786 848 4869 videretur,
890 4799 1034 4878 postero
1076 4785 1135 4853 die

143 4889 252 4958 simili
269 4887 448 4960 hilaritate
463 4890 586 4981 pransi
601 4903 684 4960 sunt
697 4913 787 4967 nna;
812 4890 873 4959 sed
890 4914 974 4958 mox
991 4913 1010 4956 a
1027 4910 1136 4981 pran-

144 4992 209 5058 dio
225 4995 402 5083 ablegavit
416 4994 593 5063 famulum
610 4995 656 5061 ad
679 4991 908 5075 concionem,
942 4991 1075 5061 liberos
1093 5013 1136 5059 ex

145 5093 266 5183 priore
296 5097 444 5186 coniuge
470 5108 651 5186 susceptos
675 5096 720 5162 ad
743 5095 894 5163 emenda
918 5117 1019 5186 pyra.
1082 5090 1134 5161 lta

144 5207 271 5264 nactus
286 5196 513 5267 solitudinem
532 5199 633 5267 obdit
648 5199 826 5289 pessulum
842 5199 992 5278 ianuae,
1018 5218 1136 5289 gravi·

178 5397 228 5461 28)
248 5396 435 5464 salomonen]
454 5400 537 5453 Gods
565 5396 722 5451 salomouis

178 5468 228 5523 ἢ)
247 5467 298 5515 tlte
316 5466 484 5533 respondtt2]
505 5470 605 5518 desunt
622 5469 651 5517 tu
669 5467 735 5519 cod.

179 5534 248 5598 20¹)
267 5537 402 5595 increvit]
420 5536 503 5587 Godz
527 5537 665 5586 incrudutt

180 5606 229 5661 w)
249 5606 415 5665 tulttaturd
437 5604 518 5658 (toda
543 5606 666 5661 iultten,

1182 561 1265 628 dam
1289 583 1437 629 uxorem
1462 561 1674 644 transfodit,
1717 585 1802 631 mox
1824 559 1973 632 filiolam
2001 561 2060 632 vix
2090 588 2177 655 qua·

1182 662 1382 732 driennem.
1450 661 1514 734 llis
1539 663 1692 755 peractis
1722 663 1797 756 ipse
1821 664 1964 756 scripsit
1989 665 2177 757 epistolam

1183 766 1230 834 ad
1245 776 1430 848 senatum,
1452 766 1646 838 ¹confestim
1663 766 1701 834 in
1723 790 1901 837 summam
1927 766 2070 836 aedium
2094 790 2178 861 par·

1182 867 1506 951 tem'conscendit,
1547 881 1664 937 aeter
1688 868 1841 939 clamato
1866 869 2014 939 nomine
2035 866 2115 940 lesu
2140 894 2178 940 se

1182 969 1413 1061 praecipitem
1438 970 1555 1053 dedit,
1581 972 1672 1039 adeo
1695 983 1736 1040 ut
1761 972 1946 1041 cerebrum
1971 971 2179 1063 disperserit

1182 1070 1300 1153 viam,
1334 1071 1455 1162 caligis
1478 1096 1548 1141 una
1572 1073 1764 1164 ligularum
1787 1073 1953 1165 alligarat
1976 1073 2178 1166 epistolam,

1183 1173 1221 1242 in
1246 1197 1317 1266 qua
1341 1174 1612 1257 continebatur,
1648 1176 1736 1269 quid
1764 1178 1949 1269 quomodo
1971 1176 2110 1248 fecisset
2135 1199 2181 1260 ac¹

1181 1277 1340 1345 facturus
1355 1289 1456 1347 esset.
1496 1276 1637 1346 Occidit
1655 1277 1855 1348 adulteram
1875 1278 2091 1359 confessam3
2119 1302 2178 1349 oc-

1183 1377 1268 1447 cidit
1289 1377 1422 1459 filiam,
1464 1402 1508 1447 ne
1531 1379 1611 1472 quis
1634 1383 1673 1446 in
1700 1393 1881 1471 posterum
1906 1380 1960 1449 illi
1985 1393 2176 1472 paternum

1182 1504 1245 1551 seu
1260 1492 1461 1549 maternum
1480 1480 1616 1549 crimen
1636 1485 1885 1573 exprobraret;
1919 1482 1987 1554 sibi
2011 1484 2079 1554 luit
2099 1506 2178 1552 car-

1182 1583 1298 1665 nifex,
1319 1606 1365 1651 ne
1381 1583 1490 1672 longo
1513 1582 1673 1653 cruciatu
1697 1585 1831 1675 periret
1855 1587 2012 1655 iudicum
2035 1598 2177 1656 senten·

1182 1684 1241 1755 tiis
1258 1685 1463 1754 damnatus.
1515 1682 1604 1753 ltem
1623 1685 1661 1753 in
1679 1710 1808 1777 corpus
1826 1688 2000 1757 saevitum
2019 1699 2073 1758 est
2090 1686 2177 1757 ossi·

1182 1788 1248 1857 bus
1263 1787 1403 1870 fractis,
1429 1781 1636 1878 impositum
1655 1802 1706 1859 est
1725 1788 1869 1859 sublimi
1893 1800 2015 1871 rotae,
2045 1786 2177 1858 deinde

1182 1888 1358 1959 inclusum
1381 1888 1479 1979 ligno
1495 1890 1688 1961 demissum
1713 1904 1765 1961 est
1786 1892 1823 1960 in
1838 1886 2020 1961 Rhenum.
2078 1881 2179 1985 Quid

1183 1992 1326 2062 animae
1346 1992 1533 2075 acciderit,
1560 1992 1662 2062 novit
1675 1993 1787 2064 Deus.

1286 2092 1484 2165 CCLXXX.
1519 2095 1657 2166 Recens
1675 2095 1804 2165 accidit
1819 2095 1973 2187 tragicus
1993 2118 2094 2166 casus
2110 2117 2182 2188 pus,

1181 2324 1258 2370 rem
1286 2324 1366 2369 cum
1389 2300 1540 2390 coniuge
1565 2300 1651 2371 civis
1679 2299 1869 2371 mediocris
1892 2298 2073 2383 Romani,
2114 2295 2178 2396 qui

1181 2403 1395 2493 permiserat
1419 2401 1517 2468 illam
1540 2413 1682 2493 turpem
1707 2401 2016 2473 consuetudinem.
2067 2398 2183 2496 Quod

1181 2503 1245 2573 ubi
1259 2502 1403 2574 rescivit
1416 2503 1528 2572 frater
1543 2503 1638 2573 illius
1655 2504 1797 2586 auariti,
1831 2504 1988 2595 graviter
2015 2527 2096 2572 eum
2120 2501 2179 2571 ac·¹

1182 2605 1330 2675 cusavit.
1395 2604 1590 2697 Quomodo
1622 2619 1740 2676 autem
1768 2617 1918 2700 uterque
1946 2603 2093 2698 punitus
2119 2601 2179 2704 sit,

1182 2707 1340 2777 breviter
1369 2707 1498 2777 dicam.
1577 2707 1779 2778 Cardinalis
1810 2707 1922 2776 mittit
1952 2707 1998 2777 ad
2027 2728 2179 2778 uxorem

1183 2809 1277 2880 illius
1293 2809 1399 2892 civis,
1426 2823 1460 2877 et
1484 2812 1654 2894 mandat,
1687 2824 1727 2881 ut
1751 2810 1932 2880 instruant
1954 2833 2015 2891 ea,
2048 2807 2179 2902 quibus

1184 2936 1274 3004 opus
1288 2912 1335 2982 sit
1352 2913 1398 2980 ad
1416 2912 1672 2997 lenimentum,
1699 2912 1791 2983 sein
1816 2912 1875 2980 illa
1897 2924 2002 2980 nocte
2029 2912 2076 2980 ad
2098 2913 2180 2979 earn

1182 3025 1452 3108 perventurum.
1514 3014 1646 3085 Mulier
1669 3014 1857 3109 exequitur
1879 3015 2111 3095 mandatum,
2143 3019 2180 3081 et

1184 3119 1339 3186 adornat
1356 3116 1478 3187 omnia
1494 3117 1701 3208 diligenter;
1728 3118 1790 3186 sed
1814 3115 2005 3185 cardinalis
2028 3112 2179 3207 impedi-

1183 3232 1242 3291 tur
1257 3218 1490 3302 mirabiliter,
1517 3243 1561 3287 ne
1579 3220 1691 3311 possit
1706 3242 1745 3288 ea
1764 3230 1869 3287 nocte
1885 3218 1930 3286 ad
1946 3241 2025 3286 eam
2042 3214 2180 3287 venire.¹

1184 3322 1274 3391 Cum
1294 3320 1403 3411 igitur
1418 3322 1456 3389 in
1474 3322 1622 3390 multam
1639 3335 1780 3391 noctem
1800 3321 1930 3390 lrustra
1956 3319 2031 3390 eius
2046 3319 2179 3388 adven·

1184 3437 1261 3493 tum
1279 3434 1530 3515 exspectasset,
1557 3425 1702 3492 tandem
1727 3423 1878 3493 maritus
1893 3420 2013 3518 inquit
2030 3423 2078 3491 ad
2094 3444 2179 3489 con·

1184 3525 1323 3616 iugem:
1350 3526 1444 3616 Age,
1471 3549 1593 3596 eamus
1616 3550 1687 3597 una
1704 3526 1742 3595 in
1759 3524 1982 3608 cubiculum,
2009 3524 2108 3619 quod
2124 3522 2179 3593 in·

1184 3638 1358 3699 structum
1381 3641 1432 3699 est
1456 3627 1649 3711 cardinali,
1691 3641 1732 3697 ut
1751 3627 1801 3697 ibi
1828 3629 2009 3698 cubemus.
2076 3622 2179 3695 Uxor

1185 3728 1396 3811 assentitur,
1423 3743 1458 3798 et
1475 3737 1561 3801 dum
1585 3732 1691 3801 simul
1717 3731 1765 3799 ita
1791 3730 1933 3814 cubuit,
1961 3727 2084 3797 mariti
2107 3729 2179 3797 fra-

1185 3847 1259 3916 ter,
1284 3832 1347 3926 qui
1365 3832 1455 3900 clam
1471 3833 1603 3904 latebat
1622 3834 1659 3902 in
1675 3833 1842 3916 aedibus,
1868 3832 2001 3924 irrupit
2021 3831 2060 3899 in
2081 3829 2179 3900 cubi·
2250 3844 2253 3866 ¹

1185 3935 1326 4017 culum,
1368 3948 1404 4002 et
1428 3936 1562 4005 accedit
1590 3935 1856 4029 imprudentius
1878 3936 1924 4002 ad
1950 3935 2102 4016 lectum,
2143 3945 2179 4033 et

1184 4039 1334 4107 fratrem
1349 4061 1421 4107 una
1433 4063 1512 4106 cum
1522 4038 1673 4129 coniuge
1689 4034 2028 4128 gladiogtranssodit3
2053 4042 2178 4128 poste'a

1186 4164 1268 4211 cum
1290 4139 1532 4230 cognovisset,
1567 4153 1742 4234 quantum
1764 4139 1906 4209 sceleris
1930 4133 2177 4219 commisisset,

1186 4255 1380 4337 antequam
1397 4240 1595 4312 inexilium
1613 4243 1682 4311 iret
1696 4255 1847 4334 propter
1861 4239 2087 4309 interfectum
2106 4232 2178 4305 lra-

1185 4359 1295 4426 trem,
1321 4356 1422 4414 curat
1435 4369 1471 4413 se
1486 4369 1551 4438 per
1566 4346 1745 4438 quendam
1761 4344 1983 4414 sacerdotem
2000 4340 2108 4408 etiam
2123 4337 2179 4407 in-'

1186 4447 1317 4516 terimi.
1368 4444 1426 4516 Sic
1441 4444 1540 4516 Deus
1555 4447 1698 4540 punivit
1712 4441 1933 4514 horribiliter
1946 4455 2153 4534 utrumque.
2173 4450 2177 4461 '

1288 4546 1502 4617 chxxxt.
1537 4548 1755 4641 Antverpiae
1780 4561 1857 4616 erat
1881 4547 2028 4641 quidam
2048 4543 2178 4635 Hispa·

1187 4677 1254 4721 nus
1285 4651 1342 4718 vel
1365 4648 1495 4734 ltalus,
1534 4674 1617 4719 nam
1644 4651 1692 4718 ibi
1717 4650 1919 4742 promiscue
1942 4646 2179 4717 nominantur

1185 4753 1338 4842 Rauen,
1380 4778 1460 4823 cum
1484 4753 1619 4821 videret
1643 4778 1745 4823 suum
1772 4752 1999 4822 consodalcm
2022 4770 2178 4819 crescere

1187 4870 1222 4927 et
1240 4856 1394 4925 maiores
1409 4879 1587 4926 successus
1604 4850 1737 4925 habere
1754 4854 1792 4923 in
1807 4853 2050 4946 negotiatione
2067 4872 2177 4948 quam

1186 4984 1244 5045 se,
1270 4958 1413 5054 quaerit
1428 4956 1673 5043 occasionem,
1699 4957 1856 5028 utillum
1877 4955 2029 5038 tolleret,
2057 4966 2092 5022 et
2105 4952 2178 5046 pri-

1187 5087 1287 5132 mum
1304 5061 1420 5152 coegit
1438 5086 1541 5144 eum,
1567 5074 1607 5131 ut
1623 5060 1794 5132 scriberet
1814 5060 1954 5143 literas,
1982 5055 2111 5152 quibus
2127 5068 2178 5124 te-

1109 5194 1118 5211 ·
1187 5178 1360 5246 staretur,
1386 5165 1485 5259 quod
1500 5164 1568 5253 itte,
1577 5165 1722 5233 deberet
1737 5163 1805 5232 sibi
1825 5161 1981 5257 aliquam
2005 5157 2178 5253 pecuniae

1187 5291 1388 5348 summam,
1422 5291 1487 5348 ne,
1519 5292 1599 5336 cum
1622 5267 1738 5358 ipsum
1764 5263 2013 5346 interfecisset,
2037 5263 2178 5330 delrau·

1187 5373 1335 5461 dpretur
1350 5368 1520 5460 pecunia;
1547 5381 1671 5462 postea
1686 5383 1762 5437 arte
1785 5368 1951 5436 interficit
1971 5389 2074 5435 suum
2091 5384 2179 5430 con·

1187 5474 1361 5554 sodalem,
1388 5484 1423 5540 et
1438 5470 1567 5541 infodit
1583 5473 1735 5541 cadaver
1751 5471 1788 5538 in
1803 5496 1903 5540 suam
1920 5468 2056 5536 cellam.
2090 5464 2178 5533 Post

1158 5576 1326 5669 ,aliquot
1361 5575 1436 5644 dies
1465 5599 1544 5643 cum
1578 5576 1636 5643 ille
1669 5575 1873 5642 interfectus
1904 5568 2178 5651 desideraretur,
