5125 6525
391 463 470 542 ¹‘lo'l
913 461 1041 540 emh.
1066 463 1182 539 MEL.
1206 462 1409 537 SCRIPTA
1435 462 1567 535 VARll
1591 461 1896 584 anconam
2368 463 2438 541 708

398 662 508 732 opera
531 638 731 733 imputatur
755 637 901 711 iustitia.
952 636 1010 710 'l'u
1036 639 1112 731 lege
1136 637 1284 710 Galatas
1308 637 1388 706 dili-
1438 635 1621 708 iustificari
1645 638 1743 722 sola,
1768 650 1896 730 putare
1913 638 2058 728 vulgus,
2079 638 2330 709 tradentibus
2344 639 2438 733 quid-

397 753 540 833 genter,
568 755 602 812 et
625 742 801 835 caput.X.
817 743 862 810 ad
878 740 1076 827 Romanos,
1102 741 1187 809 item
1205 753 1387 834 quartum.
1438 738 1492 810 vis
1514 740 1639 827 licere,
1682 740 1766 834 quia
1788 741 1896 808 fidem
1919 740 2027 830 vulgo
2049 763 2124 809 non
2147 747 2221 833 pro
2248 742 2436 811 fiduciaiu

378 843 524 935 ¹Cogita
547 847 642 937 apud
662 858 718 929 te,
744 846 929 939 quomodo
947 845 995 916 sis
1014 842 1268 914 conscientiam
1289 855 1388 912 tran-
1438 839 1577 926 Deum,
1615 844 1676 914 sed
1709 866 1777 934 pro
1805 838 1975 913 historica
1999 854 2139 913 tantum
2161 844 2436 936 cognitionem

398 945 610 1041 quillalurus
636 971 701 1040 per
725 947 843 1019 fidem.
903 946 961 1017 Sic
982 946 1118 1017 Paulus
1139 945 1259 1039 inquit
1279 943 1388 1015 Rom.
1439 942 1518 1013 Deo
1540 944 1695 1015 solemus
1717 968 1911 1036 usurpare,
1944 945 2052 1038 idque
2075 946 2301 1038 perniciose.
2376 948 2436 1017 Ubi

397 1046 455 1119 lX.
468 1044 652 1119 lustificati
672 1049 782 1140 igitur
798 1073 841 1119 ex
855 1051 943 1133 lide,
969 1071 1094 1142 pacem
1115 1045 1289 1120 habemus
1304 1070 1387 1138 erga
1440 1059 1561 1116 tamen
1591 1046 1667 1138 ipse
1692 1048 1839 1139 proprie
1866 1046 1953 1141 quid
1973 1047 2020 1118 sit
2036 1049 2144 1133 fides,
2178 1074 2229 1119 ex
2259 1050 2435 1121 canonicis

396 1152 516 1221 deum.
1440 1149 1625 1239 scripturis
1647 1150 1839 1234 diducens,
1863 1149 1999 1242 poteris
2021 1151 2066 1219 de
2082 1154 2286 1222 doctorum
2305 1153 2435 1244 scriptis

498 1252 654 1324 Videbat
674 1254 913 1346 Augustinus,
946 1266 1085 1323 tantum
1107 1254 1213 1322 fidem
1239 1250 1389 1345 requiri,
1440 1250 1599 1320 iudicare
1620 1251 1752 1324 sanius.
1808 1251 1913 1323 Vide.
1938 1252 1974 1323 3.
1995 1267 2102 1345 caput
2120 1251 2230 1325 loan.
2296 1253 2357 1324 De
2379 1257 2434 1324 fide

398 1350 468 1422 hoc
493 1367 563 1439 est,
589 1353 793 1426 historicam
819 1355 1079 1427 confessionem
1103 1357 1146 1425 de
1165 1350 1328 1437 Christo,
1354 1366 1390 1423 et
1441 1349 1603 1425 Christus
1632 1353 1707 1447 ipse
1739 1352 1985 1425 concionatur.
2048 1356 2189 1441 Porro,
2231 1359 2339 1451 quod
2363 1359 2435 1428 alias

400 1480 475 1526 non
490 1457 669 1550 explorari
685 1483 810 1529 eorum
826 1460 950 1543 vitam,
967 1459 1030 1552 qui
1043 1483 1085 1528 ex
1097 1457 1219 1526 animo
1230 1457 1390 1541 credant,
1442 1457 1549 1525 etiam
1576 1480 1683 1548 opera
1709 1458 1902 1550 praecipit,
1934 1458 2044 1541 bene,
2070 1459 2130 1529 sed
2156 1483 2199 1528 ea
2220 1460 2300 1530 nisi
2319 1461 2357 1528 in
2375 1485 2434 1529 cre

399 1582 465 1627 nec
478 1583 536 1631 ne.
588 1559 682 1631 Nam
696 1561 755 1631 illa
770 1558 940 1632 historica
962 1561 1137 1632 confessio
1149 1559 1195 1654 ¹⁴)
1215 1572 1267 1629 est
1280 1558 1390 1630 simu·
1441 1559 1547 1629 dente
1569 1583 1645 1629 non
1667 1560 1769 1631 liunt.
1822 1559 1986 1629 Breviter
2000 1557 2057 1652 ι’).
2115 1560 2310 1632 Doctrina
2332 1562 2435 1632 Esau

399 1662 488 1731 latio
511 1662 587 1732 sine
614 1664 742 1732 fiducia
770 1665 806 1732 in
834 1666 953 1732 corde.
1016 1661 1062 1731 Et
1083 1662 1289 1756 ubicunque
1313 1683 1389 1731 non
1441 1661 1524 1752 gelii
1556 1663 1601 1730 de
1634 1663 1721 1746 lide,
1755 1674 1807 1732 est
1841 1661 2138 1733 conscientiarum
2173 1666 2384 1736 consolatio
2406 1678 2437 1735 et

400 1775 484 1833 sunt
505 1765 599 1834 bona
622 1789 750 1856 opera,
775 1777 870 1834 certe
887 1764 937 1834 ihi
952 1787 1027 1833 non
1045 1776 1097 1835 est
1114 1767 1219 1849 fides,
1246 1765 1308 1836 scd
1323 1764 1390 1831 im·
1442 1764 1678 1835 confirmatio.
1719 1764 1827 1858 Quod
1842 1766 1872 1835 si
1889 1789 1933 1835 eo
1945 1766 2156 1856 respexeris,
2182 1768 2306 1837 fidem
2321 1769 2437 1838 intelli-

399 1865 526 1958 pietas.
581 1864 694 1951 Vide,
718 1868 805 1961 quid
820 1866 1038 1958 Augustinus
1060 1868 1155 1937 dicat
1174 1868 1213 1936 in
1232 1867 1327 1936 libro
1345 1868 1390 1935 de
1442 1889 1513 1959 ges.
1571 1866 1641 1936 Sed
1669 1889 1744 1935 non
1776 1868 1895 1938 scribo
1918 1868 2253 1954 commentarium,
2289 1871 2438 1943 fortass'u

400 1968 470 2037 lide
493 1981 528 2038 et
550 1970 729 2060 operibus.
779 1969 857 2043 Nisi
871 1972 1060 2062 praecedat
1074 1973 1179 2054 fides,
1204 1971 1299 2041 bona
1316 1969 1389 2038 vita
1441 1965 1530 2038 baec
1554 1969 1630 2061 ipsa
1652 1968 1755 2038 brevi
1775 1970 1986 2063 locupletius
2006 1983 2163 2043 acturus.
2223 1972 2291 2045 Tu
2314 1974 2439 2067 legeli-

400 2071 503 2164 sequi
527 2093 601 2140 non
624 2074 769 2166 poterit.
819 2073 1002 2168 Quicquid
1025 2074 1119 2142 enim
1143 2070 1256 2142 homo
1280 2071 1391 2142 veluti
1441 2072 1548 2141 hrum
1570 2072 1615 2141 de
1636 2069 1801 2141 libertate
1828 2069 2021 2144 christiana
2042 2070 2222 2159 Lutheri,
2261 2089 2299 2147 et
2320 2102 2368 2148 ne
2387 2101 2441 2169 pa-

399 2185 536 2243 reatum
556 2174 698 2260 lecerit,
730 2175 799 2244 nisi
819 2177 864 2244 ad
879 2176 1070 2268 pietatem,
1097 2199 1188 2270 quae
1210 2178 1256 2245 ad
1272 2172 1390 2244 Deum
1442 2174 1539 2258 tiara¹
1555 2185 1592 2242 te
1614 2173 1754 2243 avellis
1772 2175 2075 2249 doctrinacrucis.
2126 2176 2216 2247 Scio
2236 2179 2356 2249 rideri
2370 2203 2442 2249 earu

402 2276 597 2361 referatur,
623 2289 759 2347 rectum
782 2278 853 2347 dici
875 2302 951 2348 non
970 2289 1099 2371 polest.
1149 2276 1241 2349 Ecce
1255 2279 1391 2347 honam
1443 2300 1462 2345 a
1481 2271 1675 2368 Sophistis;
1706 2278 1766 2348 scd
1788 2291 1827 2348 tu
1850 2279 1939 2351 scias
1961 2278 2167 2372 praedicari
2184 2278 2444 2377 Evangelium,

402 2380 616 2450 sententiam
639 2383 683 2450 de
704 2382 785 2451 fide.
837 2380 905 2451 Sed
928 2381 1015 2476 quid
1035 2378 1173 2451 mults?
1224 2378 1392 2472 Augusti·
1443 2378 1629 2450 stultitiam
1647 2402 1722 2451 csse
1735 2384 1884 2451 mundo.
1934 2380 2036 2452 Vale.

401 2504 469 2553 nus
491 2481 633 2552 tenuius
659 2482 820 2576 loquitur
843 2485 887 2553 de
909 2485 978 2553 lide
1003 2484 1041 2552 in
1067 2494 1144 2553 toto
1167 2482 1235 2554 isto
1257 2482 1392 2568 libello,
1544 2479 1610 2551 Est
1634 2481 1774 2552 libellus
1795 2483 1889 2553 inter
1903 2484 2165 2556 Ambrosiauos
2186 2509 2274 2557 non
2299 2488 2444 2571 inutilis,

403 2595 439 2653 et
459 2582 497 2651 iu
517 2584 698 2678 plerisque
721 2585 799 2656 aliis
822 2586 960 2658 melius.
1011 2585 1136 2657 Voluit
1152 2585 1247 2656 enim
1265 2609 1392 2656 cavere
1444 2582 1685 2678 cuiuscunque
1708 2586 1844 2660 autoris
1868 2586 1961 2682 (non
1982 2586 2077 2657 enim
2091 2587 2291 2662 Ambrosii
2313 2592 2382 2689 est)
2402 2594 2443 2661 de

400 2679 472 2754 hoc
490 2688 586 2778 apud
604 2687 730 2779 vulgus
743 2688 953 2779 periculum,
969 2692 1065 2783 qsmd
1079 2690 1108 2761 si
1126 2689 1305 2759 diceretur
1322 2690 1393 2758 fide
1443 2686 1633 2759 vocatione
1652 2687 1832 2779 gentium,
1866 2714 1972 2786 quem
1996 2702 2035 2761 tu
2051 2692 2141 2784 lege.
2192 2688 2339 2765 Iterum
2359 2696 2443 2766 vale.

404 2841 609 2854 *on—-

440 2915 488 2974 u)
505 2916 607 2969 annot.
626 2926 729 2983 marga
752 2914 893 2969 ltlstorlos
909 2915 1060 2970 oorlssdo.
1481 2920 1529 2982 ¹5)
1546 2922 1648 2977 annot
1665 2934 1771 2990 ιιι-μ
1793 2920 1936 2989 Epilogus
