5125 6525
257 402 336 480 res
408 505 410 511 Ι
489 465 493 480 .
786 391 1764 472 ruu.uun.soa1rrs·vsuusnooumrt
2234 392 2303 468 rao

258 578 353 660 lere,
386 588 423 646 et
442 596 518 644 nou
537 569 861 654 necessariarum,
893 580 1016 640 tomen
1044 567 1247 640 dialecticas
1302 565 1459 637 niriulla
1473 570 1649 641 sententia
1663 568 1776 642 solida
1791 567 1994 661 efficaeique
2011 564 2173 638 ratione
2183 577 2304 658 potest,

258 681 396 749 formas
418 678 594 757 induunt,
619 698 731 767 quom
754 686 817 744 aut
829 672 1061 765 syllogismis,
1087 685 1151 742 ant
1165 693 1249 763 epa·
1300 670 1371 741 nisi
1388 686 1550 741 accurate
1566 685 1750 764 perspecte
1765 683 1895 741 natura
1914 670 2078 762 partium
2097 664 2284 740 thematis.

261 779 382 874 gogis,
415 791 478 848 aut
499 771 775 869 enthymematis
796 774 1023 857 vinciuntur,
1045 786 1086 845 ut
1100 773 1130 844 si
1145 789 1250 864 argu:
1404 772 1495 842 Sunt
1515 787 1632 844 autem
1656 775 1725 843 loci
1751 785 2070 866 argumentorum,
2103 793 2207 865 quae
2226 795 2303 840 are·

261 880 449 952 menteris:
484 878 638 947 Traiani
657 876 896 949 adolescentia
914 875 1054 947 abonis
1072 874 1251 967 magistris
1301 872 1368 943 bus
1397 890 1586 966 petuntur,
1626 875 1958 959 Finitio,⁵Genus,
1990 875 2173 965 Species,
2208 872 2303 942 Com-

261 986 416 1053 lormata
441 993 512 1064 cst,
545 992 599 1050 cst
622 980 732 1071 igitur
757 978 969 1063 verisimile,
998 981 1134 1048 bonnm
1151 977 1250 1070 prin·
1303 999 1431 1060 mune,
1456 977 1699 1065 particulare,
1725 977 1951 1061 Differentia,
1979 977 2149 1059 Totum,
2177 976 2305 1058 Partes,

260 1084 377 1177 cipem
397 1082 600 1154 'l'raiannm
621 1082 711 1154 sore.
1303 1076 1476 1164 Caussae,
1514 1079 1673 1165 avena,
1709 1081 1932 1172 Pugnantia,
1970 1079 2148 1162 Similia,
2184 1077 2304 1160 stam
2346 1175 2347 1200 Χ

1302 1178 1435 1252 Minus.

451 1252 576 1348 Quae
601 1277 623 1324 a
649 1253 783 1324 rebus
808 1253 1051 1324 ducantur.

366 1390 436 1462 Vix
458 1393 602 1462 taudem
624 1388 857 1482 pervenimus
881 1390 926 1457 ad
949 1413 1010 1459 eos
1030 1389 1147 1471 locos,
1171 1387 1251 1481 qui·
1703 1348 1734 1420 F
1742 1363 1896 1435 'mim‘

260 1497 329 1566 bus
352 1492 577 1564 dialecticum
601 1489 722 1562 thema
744 1491 891 1584 proprie
912 1490 1048 1560 muniri
1062 1491 1172 1574 solet,
1198 1502 1251 1559 at·
1405 1482 1657 1556 Efficacissima
1674 1498 1710 1555 et
1724 1485 1918 1556 certissima
1934 1483 2131 1576 probandi
2146 1482 2243 1553 ratio
2259 1496 2303 1553 ert

263 1619 333 1691 que
357 1598 446 1666 adeo
474 1595 646 1689 equibus
668 1594 900 1687 probationes
916 1593 1154 1675 necessariae,
1179 1591 1252 1661 evi·
1303 1610 1368 1679 per
1397 1587 1617 1671 finitionem,
1653 1611 1766 1683 quare
1796 1589 1901 1657 etad
1923 1586 2126 1656 dialectica
2153 1580 2300 1655 themata

263 1703 457 1793 dentesque
481 1709 664 1788 petuntur.
706 1694 771 1766 His
789 1696 828 1763 in
850 1691 947 1765 hunc
970 1698 1118 1765 modum
1139 1706 1251 1764 utere.
1305 1691 1452 1781 proprie
1477 1690 1649 1781 adplicari
1672 1691 1789 1760 debet.
1840 1687 1940 1759 Voco
1963 1700 2094 1759 autem
2123 1687 2301 1758 diabrtior

263 1799 382 1871 Omne
406 1795 548 1881 thema,
582 1810 644 1867 aut
665 1784 815 1890 simplex
839 1822 908 1866 vox
931 1810 1001 1879 est,
1036 1810 1098 1865 aut
1123 1796 1251 1866 oratio.
1304 1788 1483 1874 themata,
1515 1790 1645 1885 quibus
1675 1805 1842 1863 naturam
1868 1814 1990 1861 rerum
2013 1790 2303 1882 propositarum,

263 1901 423 1993 Simplex
446 1923 516 1969 vox
539 1922 614 1968 nou
634 1900 838 1990 probatur,
853 1923 919 1968 nec
936 1899 1128 1980 refellitur,
1153 1922 1252 1967 nem·
1305 1918 1465 1977 caussas,
1497 1907 1561 1964 aut
1588 1895 1704 1964 officia
1728 1893 1964 1988 inquirimus,
1998 1905 2137 1962 exacto
2160 1906 2199 1961 et
2217 1893 2302 1963 iusto

263 2027 332 2095 pe,
358 2005 488 2096 inqua
511 2024 628 2096 neque
650 2025 796 2085 verum,
821 2024 937 2095 neque
956 2003 1083 2072 falsum
1101 2000 1166 2082 sit,
1191 2002 1252 2070 sed
1305 1996 1444 2078 ordine,
1469 1996 1578 2089 idque
1595 1996 1826 2088 argumentis,
1851 1997 1972 2088 quoad
1986 1995 2071 2064 beri
2085 2007 2227 2087 potest,
2249 1991 2306 2064 ne

262 2103 467 2196 exponitur.
520 2099 593 2171 lam
619 2128 691 2196 quo
716 2104 864 2187 ordine,
891 2102 1019 2193 quibus
1040 2101 1128 2172 locis
1146 2126 1253 2193 expo·
1305 2098 1465 2167 eessariis
1487 2111 1523 2167 et
1541 2099 1777 2169 evidentibus.
1830 2098 1908 2167 Hoc
1927 2120 2061 2188 genus,
2092 2097 2164 2166 alii
2187 2097 2304 2188 apodi-

263 2218 391 2290 natur,
416 2228 544 2296 supra,
569 2206 608 2274 iu
626 2205 767 2275 ratione
785 2205 998 2297 simplicium
1017 2229 1145 2273 vocum
1160 2204 1252 2273 libro
1305 2224 1383 2281 xes,
1415 2199 1476 2267 alii
1499 2202 1825 2272 demonstrationes
1846 2211 2035 2270 vocarunt.
2098 2199 2225 2292 Quale
2246 2212 2305 2281 est,

264 2307 384 2401 primo
408 2307 637 2378 absolvimus.
688 2307 853 2377 Primum
882 2307 977 2375 enim
999 2306 1169 2397 simplicis
1191 2330 1253 2375 vo·
1305 2302 1335 2379 si
1350 2302 1520 2385 disseras,
1545 2304 1796 2375 liberalitatem
1816 2327 1889 2374 esse
1909 2301 2118 2384 iustitiam,
2148 2302 2214 2372 ubi
2231 2325 2304 2371 non

238 2394 245 2406 ’
266 2410 316 2481 cis
340 2408 455 2479 finitio
477 2411 680 2501 quaerenda
701 2422 772 2491 est,
798 2409 927 2477 deiude
944 2432 1087 2478 caussae
1101 2409 1152 2477 rei
1171 2432 1254 2500 pro·
1305 2405 1486 2487 laudatur,
1512 2429 1587 2474 non
1602 2410 1772 2477 suadetur
1788 2405 1982 2475 liberalitas
2005 2403 2119 2497 (narn
2137 2400 2209 2475 hoc
2222 2428 2302 2496 pro·

266 2517 404 2608 positae
431 2510 726 2603 pervestigandae
756 2524 856 2589 sunt;
892 2511 1080 2603 partienda
1106 2506 1254 2602 posthac
1305 2508 1384 2599 prie
1406 2502 1592 2577 rhetorum
1613 2508 1708 2602 est),
1735 2510 1797 2580 sed
1820 2508 1895 2578 eius
1916 2518 2049 2576 natura
2063 2508 2302 2601 perquiritur.

266 2617 306 2684 in
336 2612 488 2705 species,
525 2626 588 2684 aut
615 2614 789 2684 membra.
849 2612 977 2682 Oratio
998 2637 1086 2682 vero
1107 2613 1253 2704 proprie
1305 2607 1380 2677 lam
1405 2623 1494 2701 quot
1509 2610 1657 2680 liniendi
1675 2636 1807 2704 genera
1828 2633 1936 2700 supra
1958 2608 2149 2694 indicavi,
2175 2623 2230 2679 tot
2251 2633 2305 2679 ar-

267 2727 330 2787 aut
343 2716 539 2808 probatur,
561 2726 624 2785 aut
636 2714 874 2807 improbatur.
925 2715 1018 2785 Nam
1036 2715 1074 2783 in
1090 2716 1253 2785 oratione
1306 2712 1537 2802 gumentandi
1552 2713 1621 2782 loci
1636 2715 1799 2785 finitione
1815 2706 2198 2804 comprehenduntur.

267 2816 415 2911 proprie
442 2841 569 2887 verum
601 2829 663 2886 aut
682 2818 810 2887 falsum
834 2817 938 2887 inest.
996 2815 1145 2908 Eritque
1166 2813 1253 2886 haec
1407 2815 1463 2884 Ab
1481 2816 1717 2907 etymologia,
1741 2831 1801 2900 ut,
1816 2814 1957 2886 ¹Civitas
1973 2826 2044 2897 est,
2071 2839 2167 2907 ergo
2184 2813 2305 2907 populi

267 2918 448 3013 probandi
469 2914 672 2989 methodus.
726 2916 768 2986 ln
790 2919 891 2987 omni
912 2918 1147 3010 pronuntiato
1171 2919 1254 2989 sim·
1307 2939 1498 2987 consensus
1518 2929 1582 2988 est.

268 3020 354 3114 plici
366 3021 458 3104 duae
473 3032 557 3091 sunt
568 3032 702 3112 partes,
722 3020 927 3091 Subiectum
942 3033 977 3091 et
990 3020 1255 3104 Praedicatum‚
1407 3017 1636 3103 Afinitioue,
1663 3043 1754 3113 quae
1770 3019 1959 3092 essentiam
1975 3019 2032 3088 rei
2048 3020 2231 3112 explicat,
2255 3033 2305 3102 ut,

268 3135 331 3208 ut,
357 3122 522 3213 voluptas
547 3134 599 3192 est
617 3123 767 3194 bonum.
816 3120 925 3206 lnde,
949 3123 994 3191 ab
1008 3135 1159 3214 utraque
1174 3147 1255 3215 par·
1306 3118 1430 3191 Bonus
1445 3120 1590 3191 affectus
1606 3134 1677 3204 est,
1702 3123 1811 3213 igitur
1827 3134 1862 3192 et
1876 3121 1991 3193 virtus
2010 3136 2078 3193 est.

270 3237 318 3309 te,
345 3248 426 3295 cum
443 3246 463 3292 a
479 3223 649 3308 subiecto,
674 3237 751 3296 tum
766 3248 785 3294 a
800 3225 1019 3317 praedicato,
1045 3237 1253 3317 argumenta
1408 3222 1442 3291 Α
1455 3221 1618 3293 linitione
1633 3247 1773 3298 caussas
1785 3236 1957 3310 notante,
1981 3237 2041 3309 ut,
2065 3223 2231 3298 bromus
2247 3249 2305 3296 so-

269 3322 470 3398 trabentur.
503 3324 681 3410 Proinde,
704 3327 735 3398 si
752 3330 847 3420 qnod
863 3324 982 3398 thema
998 3326 1256 3413 disserendum,
1306 3324 1350 3396 lis
1365 3339 1430 3410 est,
1451 3325 1526 3396 dies
1541 3326 1651 3417 igitur
1666 3343 1730 3400 est.

270 3431 521 3521 probandum,
554 3431 866 3521 reprobandumve
888 3430 1113 3522 propositum
1136 3433 1255 3515 leserit,
1407 3428 1441 3496 A
1454 3428 1616 3499 finitione
1633 3454 1676 3500 ex
1693 3430 1934 3501 accidentibus
1960 3428 2114 3500 collecta:
2151 3427 2304 3498 fabro·

259 3530 425 3627 ‘dissolve
442 3531 481 3599 in
496 3543 638 3623 partes,
664 3555 857 3625 earumque
879 3534 1079 3616 finitiones,
1105 3557 1256 3617 caussas,
1307 3552 1387 3598 rum
1405 3530 1510 3621 longe
1528 3533 1693 3624 princeps
1707 3547 1778 3616 est,
1803 3557 1889 3624 ergo
1905 3532 2084 3603 Daedalus
2098 3542 2163 3601 est.

272 3634 424 3723 speeies,
450 3655 492 3700 ac
509 3635 671 3703 membra
684 3637 863 3727 perquire.
915 3635 1008 3706 Nam
1023 3661 1065 3705 ex
1081 3632 1137 3708 his
1152 3660 1256 3727 argu·
1409 3633 1684 3705 Observandum
1699 3636 1804 3708 estin
1819 3635 2057 3719 finitionibus,
2077 3635 2175 3728 quod
2189 3645 2227 3703 et
2239 3658 2302 3704 su-

271 3744 392 3801 menta
414 3732 576 3822 colliges,
602 3747 642 3803 ut
659 3736 690 3804 si
702 3736 878 3819 finitioni,
903 3737 1053 3820 caussis,
1080 3762 1121 3808 ac
1145 3739 1256 3830 parti·
1309 3757 1372 3825 pra
1398 3737 1624 3821 monuimus,
1655 3751 1697 3809 ut
1719 3739 1889 3831 propriae
1912 3739 2003 3820 sint,
2040 3737 2181 3830 pariter
2206 3736 2304 3806 euim

271 3834 339 3903 bus
364 3833 557 3923 voluptatis
580 3859 659 3904 cum
675 3837 772 3906 bono
788 3839 975 3921 convenit,
1001 3840 1107 3928 plane
1120 3840 1255 3911 bonum
1308 3835 1511 3908 finitionum
1534 3841 1633 3911 locus
1655 3864 1676 3909 a
1697 3842 1799 3912 finito
1820 3844 1866 3913 ad
1882 3840 2108 3924 linitionem,
2137 3853 2176 3909 et
2190 3862 2211 3908 a
2225 3838 2303 3908 lini-

272 3958 347 4006 esse
381 3934 525 4025 colliges
556 3936 788 4029 voluptatem.
848 3937 889 4008 ln
922 3941 1073 4009 eundem
1109 3944 1255 4011 modum
1308 3939 1407 4008 tione
1421 3943 1467 4008 ad
1482 3942 1623 4012 linitum
1637 3943 1719 4013 duci
1735 3945 1844 4027 solet,
1869 3945 1968 4039 quod
1982 3942 2063 4011 fieri
2078 3942 2233 4037 nequit,
2252 3940 2303 4011 ni-

271 4049 356 4109 sunt
370 4050 536 4129 etpartes
551 4032 748 4109 thematum
772 4040 810 4109 iu
831 4065 961 4132 genere
975 4044 1257 4114 demonstrativo
1309 4042 1339 4111 si
1362 4041 1542 4115 finitiones
1564 4046 1734 4136 propriae
1756 4047 1839 4118 sint.
1889 4045 1965 4116 lam
1988 4058 2025 4114 et
2041 4045 2080 4114 iu
2098 4044 2303 4116 iudicandis

272 4152 340 4210 aut.
362 4139 594 4211 deliberativo
615 4143 928 4234 pervestigandae,
959 4159 1020 4227 ut,
1045 4147 1074 4217 si
1092 4142 1257 4217 dehorte-
1308 4143 1530 4217 finitionibus
1548 4147 1743 4238 plurimum
1763 4149 1857 4219 valet
1876 4148 2082 4240 argumenti
2099 4148 2304 4219 conversio.

271 4242 360 4313 risa
385 4242 480 4313 bello
499 4242 629 4315 Turris
650 4245 857 4330 inferendo,
889 4248 1045 4340 primum
1069 4249 1154 4318 belli
1176 4273 1256 4341 per·
1307 4245 1401 4317 Nam
1418 4249 1469 4318 ita
1483 4249 1584 4319 facile
1598 4252 1793 4342 spectabis,
1819 4252 1966 4344 propria
1981 4250 2151 4321 definitio
2166 4251 2235 4333 sit,
2259 4273 2304 4321 an

271 4346 429 4416 censebis
443 4345 672 4416 incommoda
689 4350 904 4439 generatim
931 4351 1071 4433 deinde,
1088 4351 1256 4444 quiTur·
1308 4372 1403 4434 uon,
1427 4364 1468 4423 ut
1483 4352 1631 4444 propria
1650 4366 1702 4424 est
1721 4351 1825 4424 haec:
1860 4351 2040 4425 Virtutem
2063 4355 2303 4425 essebonum

270 4470 352 4531 cae,
384 4461 420 4518 et
447 4460 488 4518 ut
514 4449 646 4519 armati
672 4451 762 4534 sint,
796 4456 979 4545 quomodo
1003 4478 1069 4523 nos
1093 4455 1257 4524 instructi
1308 4452 1493 4538 affectum,
1520 4455 1604 4548 quia
1628 4469 1781 4552 utroque
1797 4457 1908 4527 modo
1923 4456 2015 4526 valet
2031 4470 2306 4547 argumentum,

270 4548 393 4620 simus.
455 4549 503 4620 Et
531 4575 611 4621 cum
637 4547 832 4624 Christiani
859 4580 1001 4638 sumus,
1035 4579 1109 4625 uon
1132 4558 1255 4627 decere
1308 4554 1420 4626 virtus
1442 4568 1513 4639 est,
1537 4580 1622 4647 ergo
1638 4559 1754 4631 bonus
1769 4560 1999 4638 effecturum
2025 4570 2060 4627 et
2076 4559 2205 4632 bonus
2224 4559 2306 4629 affe·

269 4671 337 4719 nos
359 4673 479 4734 arma,
511 4654 640 4746 quibus
661 4654 796 4726 dictum
819 4669 892 4740 est,
925 4658 1043 4748 gladio
1065 4660 1255 4749 perituros,
1307 4669 1383 4728 ctus
1403 4672 1475 4741 est,
1508 4683 1594 4751 ergo
1621 4659 1734 4733 virtus
1754 4675 1817 4737 est.
1867 4659 2068 4754 Impropria
2094 4675 2153 4733 est
2176 4663 2307 4742 linitio,

271 4750 334 4843 qui
355 4752 475 4842 gladio
500 4754 704 4826 dimicaturi
723 4758 807 4828 sint.
864 4757 905 4827 ln
928 4760 1092 4830 laudibus
1114 4764 1255 4853 praedi·
1278 4766 1282 4859 Ι
1307 4759 1430 4830 vinum
1451 4785 1545 4845 esse,
1570 4767 1667 4856 quod
1684 4765 1883 4835 inflammet
1896 4763 2125 4856 sauguinem.
2178 4764 2305 4860 Neque

270 4863 372 4923 catur
387 4855 534 4939 factum,
559 4870 612 4942 ut,
634 4857 740 4930 Mutii
756 4860 959 4945 Scaevolae,
980 4864 1077 4956 quod
1086 4863 1253 4956 privatim
1307 4863 1403 4931 enim
1426 4865 1587 4933 converti
1612 4877 1748 4956 potest,
1779 4862 1849 4937 hoc
1869 4868 1995 4938 modo:
2028 4864 2096 4936 Est
2124 4871 2232 4962 quod
2257 4869 2306 4936 in·

262 4952 358 5044 ipsi,
383 4956 512 5027 deinde
526 4970 562 5027 et
577 4959 745 5032 universo
759 4963 899 5032 nomini
916 4963 1105 5048 Romano,
1135 4978 1170 5035 et
1186 4961 1255 5035 ho·
1305 4964 1467 5034 flammat
1480 4965 1711 5058 sanguinem,
1733 4970 1843 5062 igitur
1855 4970 1980 5041 vinum
1995 4981 2059 5040 est.
2074 5011 2076 5015 ·
2094 4967 2196 5041 Sunt
2210 4971 2305 5041 enim

268 5068 431 5143 nestum,
465 5071 501 5129 et
522 5060 609 5131 utile
628 5062 685 5135 sit.
727 5063 908 5149 Breviter,
936 5070 1112 5158 expendat
1133 5067 1254 5159 dispu-
1305 5080 1340 5137 et
1369 5069 1540 5164 pleraque
1573 5068 1665 5155 alia,
1710 5074 1841 5166 ‹pribus
1870 5070 2114 5142 animantium
2148 5097 2306 5167 corpora

268 5168 409 5231 taturus
435 5174 555 5253 partes
584 5158 769 5252 thematis,
813 5193 893 5239 cum
925 5170 964 5237 in
995 5169 1095 5239 omni
1124 5193 1253 5261 genere
1305 5172 1559 5243 accenduntur.

269 5260 464 5348 orationis,
489 5276 567 5335 tum
588 5267 741 5339 maxime
756 5270 795 5339 in
808 5271 944 5364 argutis
965 5285 1000 5341 et
1024 5272 1170 5343 lubricis
1183 5273 1253 5344 dis·

267 5362 526 5454 putationibus.
576 5367 695 5460 Atque
715 5366 774 5439 hic
802 5373 921 5457 vides,
956 5376 1017 5468 qui
1046 5376 1092 5445 sit
1119 5374 1254 5467 simpli·
1524 5340 1639 5412 ΠΜ
1672 5341 1760 5411 ¹⁰⁶5
1795 5340 2077 5412 slfllll⁰¹¹¹¹¹¹¹0

268 5465 362 5536 cium
385 5493 491 5554 usus,
517 5481 553 5539 et
574 5472 700 5564 quanti
722 5475 854 5543 referat
873 5476 911 5545 in
931 5490 1103 5570 promptu
1122 5473 1254 5548 habere
1408 5476 1449 5547 ln
1483 5477 1570 5548 locis
1599 5501 1676 5547 non
1709 5490 1761 5550 est
1794 5478 1905 5562 alius,
1948 5501 2020 5573 quo
2058 5483 2311 5566 commodius,

267 5564 481 5663 simplicium
503 5596 632 5644 vocum
656 5569 857 5648 methodos.
907 5577 1032 5672 Neque
1053 5579 1150 5650 enim
1177 5605 1255 5681 mu-
1305 5605 1414 5677 quam
1431 5581 1511 5650 loco
1525 5579 1730 5651 finitionum
1747 5580 1799 5652 uti
1822 5605 1945 5675 queas.
1993 5578 2092 5654 Nam
2119 5585 2156 5658 si
2177 5598 2311 5660 naurs
