5125 6525
288 524 292 533 ,
398 444 469 515 iso
977 445 1101 518 enin.
1139 401 1857 523 unr.sonnrarunonon1m.
1954 492 1956 495 .
2281 463 2317 482 ’·
2360 457 2437 531 tto

361 625 493 703 -cula,
535 616 637 714 παρὰ
669 611 793 690 πάντα
821 612 889 688 τὸν
916 611 1078 711 χρόνον,
1115 615 1387 700 Demosthenes,
1438 617 1482 703 ἀ,
1511 620 1540 688 si
1560 622 1741 713 sequentis
1760 621 1928 692 dictionis
1942 622 2091 692 ¹initium
2111 625 2234 692 vocale
2256 626 2384 710 suerit,
2409 652 2436 700 ν

394 726 497 796 Circa
516 747 623 792 omne
642 733 793 812 tempus.
845 717 892 786 Et
908 714 975 788 hac
992 723 1254 791 constructione
1272 745 1387 814 prope
1437 723 1668 813 interposita,
1695 737 1735 792 ut
1753 721 1968 824 ἀνάργυρος
1983 724 2074 799 ἀνευ
2089 729 2158 798 τοῦ
2173 722 2372 823 ἀργυρίου.

392 830 589 922 significat,
620 824 800 893 Homerus
824 818 883 919 [ll.
899 818 959 903 lX,
974 820 1075 918 67.],
1110 819 1213 918 παρὰ
1237 821 1387 918 τάφρον
1513 820 1588 896 Διά
1603 827 1760 916 genitivo
1776 828 1894 896 iuncta
1911 852 1992 921 per,
2009 829 2287 899 instrumentum
2302 832 2433 921 signat,

393 928 566 1031 ὀρυκτήν.
602 924 702 1014 quta
716 928 859 997 fossam.
906 923 1057 995 Causam
1078 927 1178 1004 idem
1192 938 1313 1006 notat,
1347 938 1387 994 ut
1437 922 1500 998 dmi
1520 924 1649 1019 πείρας
1666 934 1822 1022 συχνῆς,
1848 955 1912 1021 per
1926 933 2093 1025 frequens
2107 932 2276 1003 studium.
2317 933 2381 1004 Est
2397 948 2433 1004 et

384 1030 495 1130 παρὰ
515 1029 559 1105 τὸ
582 1023 624 1105 οὗ
648 1028 715 1124 ζῆν
737 1026 780 1102 τὸ
803 1025 925 1117 κλέος,
959 1028 1084 1096 Gloria
1112 1041 1182 1109 est,
1218 1029 1385 1121 eoquod
1437 1054 1517 1098 cum
1538 1030 1658 1099 locum
1680 1043 1863 1122 tempusve
1883 1047 1998 1116 notat,
2024 1029 2087 1106 ἀιά
2108 1029 2313 1106 δακτυλίου
2333 1032 2432 1109 δεῖσε

391 1141 482 1208 bene
499 1138 653 1204 vivatur.
706 1132 793 1199 ltem
812 1139 936 1210 οἱιοα,
967 1126 1133 1224 παράτά
1156 1124 1383 1224 ἀδικήματα.
1436 1130 1690 1225 ἑλκυσθῆναι,
1718 1157 1782 1222 per
1808 1137 1995 1220 annulum,
2022 1140 2116 1228 apud
2135 1134 2429 1228 Aristophanem.

392 1236 663 1310 Demosthenes.
737 1231 826 1301 Item
864 1243 1044 1326 praeter,
1086 1229 1188 1327 παρὰ
1229 1230 1382 1327 πρέπον,
1537 1235 1750 1308 Accusativo
1779 1250 1952 1330 propter,
1994 1235 2058 1312 διὰ
2092 1232 2239 1335 φόβων,
2280 1255 2431 1331 propter

393 1357 536 1436 praeter
551 1343 728 1408 decorem.
775 1336 981 1427 Composita
1001 1349 1063 1405 aut
1081 1335 1229 1417 minuit,
1256 1348 1296 1404 ut
1311 1360 1384 1406 πα·
1435 1337 1616 1408 timorem.
1690 1338 1869 1409 Homerus
1914 1342 2109 1432 superioris
2153 1345 2429 1415 constructionis

392 1440 558 1542 ράσημος
572 1438 713 1534 ῥήτωρ,
741 1440 856 1506 malae
879 1451 1065 1521 monetae,
1092 1438 1129 1506 id
1145 1450 1217 1518 est,
1245 1439 1383 1507 adulte·
1434 1440 1707 1528 significantiam
1725 1436 1794 1510 hoc
1811 1467 1894 1512 casn
1910 1445 2035 1514 extulit
2052 1441 2111 1541 [Il.
2128 1445 2171 1530 Χ,
2186 1440 2280 1541 41.],
2307 1445 2428 1519 νύκτα

391 1550 492 1618 rinus
507 1557 643 1626 orator,
661 1545 757 1633 apud
775 1536 1068 1614 Demosthenem.
1103 1543 1176 1610 Aut
1191 1564 1306 1634 prope
1320 1564 1382 1610 seu
1433 1538 1487 1613 δι’
1506 1538 1732 1640 ἀμβροσίην.

304 1671 307 1676 “
389 1647 714 1737 insanguine,
741 1658 781 1714 ut
801 1645 1124 1737 παρακολουθεῖν,
1151 1668 1263 1734 prope
1280 1642 1381 1736 sequi
1537 1644 1744 1735 Composita
1760 1646 2022 1739 dissignilicat‚
2049 1646 2227 1744 διαρτᾶν,
2253 1650 2426 1733 dividere,

389 1780 453 1824 seu
477 1750 663 1842 subsequi,
698 1747 880 1818 assiduum
906 1746 1038 1815 adesse.
1103 1744 1153 1812 lta
1177 1745 1380 1835 Simplicius
1432 1740 1669 1841 διαψάλλειν,
1696 1772 1761 1838 per
1773 1750 1867 1820 vices
1883 1754 2053 1841 psallere,
2079 1744 2296 1849 διάφαλμα,
2322 1754 2426 1822 vicis·

391 1855 512 1945 magni
537 1852 694 1921 nominis
718 1848 976 1940 Peripateticus
1001 1850 1038 1916 in
1064 1848 1288 1938 praefatione
1316 1871 1378 1917 sna
1432 1849 1550 1917 situdo
1575 1851 1762 1939 psallendi.

389 1962 429 2029 in
448 1955 673 2045 categorias,
699 1949 973 2046 ἐπιμελέστερον
994 1946 1055 2040 δὲ,
1081 1946 1132 2031 ὥς
1156 1945 1231 2030 οἶός
1254 1976 1292 2020 τε
1318 1942 1378 2042 ἦν,
1495 1939 1499 1945 ’
1533 1948 1661 2036 Κατά,
1713 1953 1871 2043 genitivo
1911 1957 2052 2040 iuncta,
2101 1957 2291 2027 accusandi
2324 1970 2423 2040 nota,

389 2066 466 2142 τοῖς
494 2053 712 2152 Ἰαμβλίχου
749 2053 1052 2151 παρακολουθῶν
1086 2045 1378 2149 ἀπεγραψάμην,
1431 2049 1539 2150 λόγος
1552 2057 1620 2125 τοῦ
1635 2053 1865 2149 Πορφυρίου
1889 2057 1985 2130 κατὰ
2004 2066 2256 2154 χριοτιανιῦν,
2288 2059 2422 2128 Contra

389 2160 564 2254 καὶαάιῇ
583 2162 770 2250 πολλαχοῦ
792 2161 838 2251 τῇ
861 2154 949 2237 λέξει
970 2159 1038 2228 τοῦ
1058 2153 1267 2250 φιλοσόφου
1285 2179 1378 2247 χρη·
1431 2152 1666 2225 Christianos.
1724 2156 1771 2223 Et
1794 2183 2020 2247 progressum
2044 2164 2088 2228 de
2110 2186 2148 2229 re
2173 2162 2342 2253 quapiam
2368 2161 2423 2228 in.

390 2265 568 2358 σάμενος,
593 2264 627 2330 id
644 2275 716 2342 est,
742 2259 822 2353 Qua
841 2283 925 2326 vero
942 2259 1044 2348 potui
1059 2257 1262 2348 diligentia,
1286 2255 1378 2323 lam·
1430 2257 1544 2339 dicat,
1585 2254 1670 2327 κατ’
1694 2252 1876 2356 αἰγίλιπος
1903 2260 2055 2357 πέτρης,
2099 2267 2193 2353 apud
2222 2264 2421 2332 Homerum

389 2364 499 2438 blichi
510 2364 777 2435 commentariis
795 2358 957 2443 inhians,
985 2386 1045 2430 eos
1060 2358 1284 2449 transscripsi
1310 2372 1375 2426 etc.
1430 2356 1489 2456 [ΙΙ.
1507 2356 1566 2440 ΙΧ,
1587 2355 1666 2455 15.]
1683 2362 1726 2427 de
1743 2362 1875 2430 excelsa
1897 2387 2005 2455 rupe,
2037 2376 2072 2431 et
2094 2363 2177 2436 κατ’
2202 2363 2423 2459 Οὐλύμποιο

386 2470 428 2540 ln
445 2494 552 2564 quarn
571 2466 783 2537 sententiam
808 2464 1052 2553 accipiendum
1081 2463 1241 2542 videtur,
1278 2461 1377 2553 quod
1428 2460 1617 2556 καρήνων,
1644 2466 1688 2529 de
1705 2461 1852 2554 Olympi
1871 2468 2013 2536 vertice.
2045 2467 2219 2559 Odyssl.
2237 2465 2304 2564 [vs.
2317 2469 2423 2558 102]

388 2587 439 2643 est
457 2573 553 2662 apud
569 2570 703 2638 Lucam
719 2593 756 2636 ea
761 2594 795 2659 p.
816 2570 849 2636 1.
865 2562 932 2663 [vs.
948 2562 1004 2661 3.]
1024 2556 1377 2658 παρακολουθηκότι
1428 2564 1697 2656 Propemodum
1715 2566 1785 2633 tale
1807 2580 1878 2649 est,
1904 2566 1999 2639 κατὰ
2015 2575 2160 2664 πετρῶν
2177 2570 2326 2664 σπείρω.
2382 2568 2424 2637 ln

385 2672 526 2743 inhiare
539 2675 617 2752 τοῖς
633 2668 833 2749 αὐτόπταις
849 2669 1080 2737 narrantibus
1098 2667 1225 2748 solito,
1260 2691 1278 2733 e
1297 2665 1376 2759 qui·
1429 2680 1551 2758 petras
1570 2668 1721 2740 semino.

385 2779 452 2847 bns
468 2801 542 2845 rem
560 2800 704 2843 omnem
722 2773 831 2840 didici
848 2784 913 2839 etc.
942 2770 1102 2859 Congere
1118 2792 1263 2839 acervos
1279 2794 1375 2836 corn·
1529 2771 1741 2840 Accusativo
1767 2771 1974 2844 secundum
1998 2775 2135 2861 signat,
2169 2770 2264 2843 κατὰ
2286 2770 2423 2864 τύπον,

310 2875 586 2973 §.positorum
621 2901 640 2943 a
673 2869 797 2969 παρά,
835 2886 1057 2962 spectaturus
1087 2872 1264 2962 duplicem
1296 2895 1374 2938 eam
1428 2874 1622 2939 secundnm
1653 2885 1799 2963 typum,
1839 2870 1936 2944 κατά
1959 2869 2123 2968 ῥάβδον,
2167 2878 2261 2965 apud
2286 2873 2422 2944 Isocra.

330 2973 333 2978 ’
386 2980 703 3072 significationem,
734 2975 939 3056 minuendi,
966 2988 1028 3043 aut
1046 2997 1162 3070 prope
1175 2998 1237 3042 seu
1250 2978 1374 3047 ιἰιωλο.
1428 2986 1520 3055 tem,
1563 2974 1608 3041 ad
1640 2975 1835 3063 virgulam,
1874 2972 1971 3063 κατὰ
1996 2974 2141 3071 ῥάβδον
2166 2977 2322 3072 ἔφρασε,
2362 2976 2422 3045 Ad

386 3084 521 3155 Minuit
549 3073 898 3177 παραδειγματίζω,
933 3102 1046 3169 prope
1075 3078 1269 3168 significat,
1304 3102 1375 3147 πα·
1428 3075 1603 3166 virgulam
1629 3077 1898 3164 pronuntiavit,
1938 3078 2072 3161 idest,
2112 3093 2248 3148 sartum
2274 3103 2422 3148 carmen

386 3181 603 3286 ρεμβάλλω,
644 3207 756 3275 prope
787 3181 937 3250 infodio.
1005 3181 1132 3252 Graeci
1165 3177 1233 3247 hoc
1263 3180 1375 3247 verbo
1429 3178 1565 3247 cecinit.
1619 3178 1811 3308 Temporis
1825 3180 1909 3247 item
1933 3194 2018 3249 nota
2047 3195 2116 3265 est,
2142 3196 2182 3251 ut
2206 3181 2297 3254 καθ’
2321 3178 2422 3277 ἡμᾶς

386 3293 586 3383 significant
611 3288 667 3369 id,
708 3286 803 3380 quod
830 3282 952 3352 Latini
973 3286 1123 3353 dicimus
1149 3283 1280 3350 vallum
1308 3284 1376 3350 'du-
1428 3278 1576 3362 ἔνδοξος
1589 3275 1684 3376 ἀνήρ
1701 3306 1801 3354 εστιν
1818 3276 1991 3376 Ἰωάννης
2006 3281 2025 3356 ὃ
2041 3283 2225 3358 καπνίων.

386 3419 485 3476 cere,
512 3394 607 3461 vallo
624 3390 785 3470 munire,
811 3389 956 3457 vallare.
1009 3388 1104 3457 Psal.
1121 3384 1182 3455 35.
1209 3381 1291 3481 [34,
1306 3379 1375 3479 8.]‚
1532 3383 1738 3474 Composita
1756 3399 1819 3453 aut
1836 3386 2011 3459 deorsum
2027 3389 2221 3478 significat,
2247 3401 2288 3457 ut
2303 3414 2421 3461 κατα·

385 3494 619 3592 παρεμβαλεῖ
634 3493 790 3591 ἅγγελος
804 3488 938 3585 κυρίου
953 3484 1078 3586 κύκλῳ
1093 3492 1170 3561 τῶν
1184 3484 1376 3582 φοβουμέ-
1426 3480 1569 3577 βαίνω,
1602 3489 1789 3558 descendo.
1841 3487 1899 3556 Sic
1921 3489 2135 3587 καταλέγω,
2173 3493 2298 3559 ordine
2322 3492 2419 3574 dico,

384 3624 464 3674 νων
485 3595 622 3685 αὐτὸν,
650 3591 713 3665 καὶ
734 3587 884 3685 ῥύσεται
905 3588 1053 3672 αὐτούς.
1113 3591 1237 3663 Nostri
1260 3604 1376 3659 verte·
1428 3600 1463 3655 et
1484 3588 1587 3681 quasi
1612 3590 1749 3659 deduco
1773 3593 1977 3684 deputoque
2009 3595 2171 3662 dicendo.
2238 3594 2420 3664 Homerus

384 3712 487 3770 runt:
521 3698 695 3765 {inmittet
716 3694 862 3782 angelus
885 3690 1036 3759 Domini
1062 3692 1101 3760 in
1127 3716 1215 3785 gyro
1246 3692 1375 3761 timen—
1429 3686 1487 3785 [ll.
1506 3688 1687 3788 tx‚115.]
1718 3691 1799 3765 οὔτι
1826 3690 1966 3789 ψεῦδος
1987 3692 2078 3786 ἐμὰς
2100 3696 2190 3776 ἀτας
2212 3694 2418 3776 κατέλεξας.

385 3805 475 3871 tium
499 3825 602 3880 eum,
636 3808 670 3864 et
692 3795 821 3885 eripiet
845 3818 918 3863 eos.
985 3792 1131 3886 Quanto
1157 3796 1375 3886 praestabat,
1430 3793 1533 3861 Unde
1547 3793 1586 3861 lit
1601 3791 1816 3891 κατάλογος.
1846 3793 1897 3864 lta
1913 3799 1964 3879 lit,
1981 3810 2020 3864 ut
2035 3795 2132 3868 κατὰ
2152 3801 2419 3889 propemodum

276 3917 281 3924 '
385 3901 533 3970 vallabit
559 3913 620 3969 aut
642 3897 737 3965 vallo
761 3897 918 3978 muniet,
953 3899 1098 3988 quando
1123 3898 1160 3964 id
1186 3909 1222 3965 et
1236 3896 1373 3965 Graeca
1428 3894 1490 3968 dis
1521 3895 1816 3984 significationem
1849 3899 2028 3981 obtineat,
2062 3911 2101 3967 ut
2124 3904 2220 3989 apud
2244 3900 2419 3970 Theocri-

385 4019 421 4077 et
435 4004 609 4074 Hebraico
626 4011 758 4070 sonant
773 3993 851 4102 1¹!ss
869 4008 905 4066 et
918 3997 1160 4092 παρεμβαλεῖ.
1211 3998 1306 4069 Nam
1321 4000 1375 4069 lu·
1428 4010 1503 4066 turn
1535 3998 1677 4090 etdyllio
1693 3999 1736 4069 X.
1761 3995 1829 4096 [vs.
1845 3995 1924 4098 55.]
1947 3997 2000 4094 μὴ
2019 3994 2196 4096 ’πιτάμης
2216 3999 2287 4097 τὴν
2307 4005 2420 4099 χεῖρα

385 4122 506 4178 turum
539 4119 590 4177 est
616 4100 685 4172 hoc
712 4092 964 4198 παρεμβάλλω
992 4100 1241 4196 παρεμβαλιό,
1283 4115 1323 4170 ut
1354 4125 1374 4168 a
1427 4097 1646 4194 καταπρίων
1661 4098 1704 4173 τὸ
1718 4098 1898 4193 κύμινον,
1924 4103 1977 4173 Ne
1992 4103 2129 4174 incidas
2147 4113 2292 4174 manum
2308 4107 2420 4176 disse·

384 4203 518 4307 ψάλλω
532 4213 653 4304 ψαλῶ.
706 4204 753 4274 Et
767 4205 907 4285 nescio,
937 4228 1108 4295 quorsum
1133 4205 1247 4274 nostri
1267 4199 1375 4274 huius
1428 4226 1512 4272 cans
1527 4204 1723 4274 cuminum.
1758 4204 2017 4274 Paroemiacon
2035 4219 2098 4290 est,
2124 4211 2219 4277 unde
2237 4221 2272 4275 et
2287 4232 2420 4279 avaros

385 4314 550 4384 versiculi
565 4313 788 4401 interpretes.
837 4303 1114 4399 Chrysostomus
1130 4308 1168 4375 in
1183 4307 1298 4376 nobili
1313 4307 1372 4374 illa
1427 4303 1739 4401 κυμινοπρίστας,
1782 4308 2013 4378 cuminisecas
2042 4307 2249 4379 Aristoteles
2284 4323 2418 4402 quarto

385 4416 565 4510 Panegyri
599 4418 643 4483 de
675 4412 828 4501 angelis,
870 4412 916 4478 ad
946 4411 1149 4481 coelestium
1183 4410 1373 4501 spirituum
1427 4406 1622 4477 Moralium
1636 4423 1831 4501 nuncupat.
1874 4412 1947 4480 Aut
1963 4412 2066 4480 vitiat
2081 4411 2303 4504 infamatque
2319 4437 2418 4480 eom·

386 4523 507 4589 numia
540 4520 667 4599 refert,
705 4516 754 4585 sic
783 4513 968 4606 inquiens:
1017 4508 1069 4585 δι’
1098 4509 1267 4611 ἀγγέλων
1298 4513 1376 4592 τοῖς
1411 4510 1643 4601 positionem
1678 4512 1826 4602 perinde
1853 4538 1895 4582 ac
1926 4512 2050 4612 παρά,
2093 4526 2133 4583 ut
2160 4511 2417 4611 καταψηφίζ-

386 4617 555 4702 ἀξίοιςέκ
576 4619 793 4713 πειρασμῶν
816 4615 1013 4706 λύτρωσις,
1049 4613 1282 4709 παρεμβαλεῖ
1300 4609 1375 4710 γάρ
1429 4613 1544 4703 σθαι,
1570 4617 1664 4704 apud
1680 4611 1981 4700 Demosthenem,
2007 4618 2183 4686 damnari.

386 4744 502 4817 φησιν
526 4718 681 4816 ἄγγελος
701 4715 835 4813 κυρίου
859 4712 985 4813 κύκλῳ
1011 4723 1089 4791 τῶν
1122 4712 1376 4811 φοβουμένων
1530 4710 1642 4787 Μετά
1659 4717 1815 4808 genitivo
1834 4733 2034 4790 constructa
2057 4720 2153 4788 idem
2177 4732 2294 4810 potest
2318 4722 2418 4812 quod

387 4820 526 4909 αὐτὸν,
553 4818 617 4892 καὶ
630 4818 777 4912 ῥύσεται
795 4813 943 4900 αὐτούς.
1429 4810 1520 4911 σύν,
1547 4831 1672 4888 autore
1695 4817 1893 4893 Prisciano.
1944 4819 2038 4915 ἡδὺς
2055 4819 2151 4914 μετὰ
2176 4820 2297 4918 φίλων
2319 4818 2419 4916 βίος,

1428 4918 1554 4990 Suavis
1570 4946 1649 4991 cum
1667 4925 1790 4993 amicis
1805 4925 1890 4993 vita.
1942 4925 2054 5015 Saepe
2072 4920 2138 4993 hac
2159 4925 2419 5015 significatione

335 5055 339 5059 ,
481 4973 576 5102 ’μνά
587 4997 657 5065 per
672 4971 743 5092 loci
758 4985 819 5039 aut
835 4971 1025 5062 temporis,
1052 4970 1242 5039 accusativi
1265 4972 1374 5043 solius
1429 5024 1589 5092 dativum
1634 5027 1742 5095 amm
1764 5041 1805 5096 ut
1827 5024 1899 5100 σὺν
1969 5023 2032 5098 a&
2056 5053 2083 5097 π
2109 5026 2236 5100 mm
2283 5016 2419 5095 Home.

385 5093 456 5162 est,
481 5103 555 5149 ανα
572 5073 659 5147 ὅλον
672 5098 837 5168 χρονον,
863 5097 927 5162 per
943 5098 1049 5141 omne
1065 5087 1216 5198 tempus.
1270 5071 1375 5168 Sche-
1428 5149 1488 5196 ms
1508 5050 1630 5224 mvl:
1642 5125 1872 5226 536aetah}
1907 5053 1968 5119 ’l‘
2085 5051 2106 5123 θ
2243 5080 2256 5118 ›

384 5180 542 5253 maticais
558 5177 737 5270 genitivo,
762 5187 802 5244 ut
816 5170 892 5246 ἀνὰ
909 5172 1036 5270 μέσων
1052 5173 1189 5272 ὂρεων,
1215 5202 1278 5269 per
1301 5204 1374 5248 me·

384 5284 464 5355 dios
483 5294 634 5352 montes·
1529 5231 1742 5302 Accusativo
1757 5242 1845 5326 post
1859 5231 2039 5320 designat,
2071 5228 2166 5324 μετὰ
2191 5226 2239 5303 τὰ
2261 5227 2420 5327 φυσικά,

1428 5333 1465 5400 id
1482 5346 1555 5416 est,
1580 5347 1662 5426 post
1676 5336 1868 5404 naturalia.

385 5442 388 5446 ’
488 5427 694 5525 Composita
719 5429 910 5523 significat,
937 5436 1035 5526 quod
1058 5459 1098 5505 re
1112 5432 1251 5504 Latinis
1273 5434 1374 5517 solet,
1529 5435 1735 5525 Composita
1759 5451 1821 5508 aut
1843 5458 1947 5519 oum,
1972 5432 2113 5529 μετέχω
2132 5437 2328 5528 participo,
2353 5431 2421 5526 μέ-

386 5530 578 5631 ἀναμάθω
598 5537 748 5607 redisco.
803 5534 896 5604 Cave
910 5549 1012 5627 putes
1028 5538 1072 5604 ab
1088 5532 1161 5607 ἀνὰ
1177 5537 1373 5626 composita
1426 5562 1547 5617 τοικος
1568 5537 1776 5628 inquilinos.
1838 5542 1911 5609 Aut
1937 5551 2063 5623 trane,
2096 5528 2290 5631 μέτωπον,
2318 5551 2419 5607 trans

387 5663 480 5724 esse,
504 5667 597 5735 quae
619 5640 786 5734 privandi
810 5638 1045 5730 significantia
1067 5664 1303 5732 usurpamus,
1329 5640 1374 5708 ab
1426 5640 1574 5723 facicm,
1598 5640 1709 5711 frons.
2065 5665 2067 5668 ’
