5125 6525
125 456 207 542 (m
758 440 1211 520 tumultuata-at)
1236 441 1379 516 Volcis.
1405 440 1532 518 lta-ll.
1690 483 1714 490 s·
2086 446 2163 526 m

126 622 365 712 calendario,
392 620 498 712 ¹quod
521 619 583 688 nd
590 641 658 686 nos
681 615 863 706 pervenit,
898 616 999 690 statis
1025 616 1153 711 festis,
1278 613 1429 710 Quoties
1452 612 1604 702 legimus
1627 610 1743 682 aDeo
1767 637 1833 703 per
1849 614 1990 685 Moisen
2006 640 2060 705 pr
2051 618 2165 707 iecipl

127 725 257 820 populi
272 722 452 805 Romani,
484 721 593 790 etiam
608 716 777 790 historias
791 720 964 811 quasdam
987 742 1124 787 memo·
1174 713 1334 798 ludaeis,
1368 729 1409 786 ut
1438 715 1661 786 mirandas
1650 715 1761 805 ipsius
1784 717 2014 789 liberationes
2039 723 2164 792 crebre

94 828 261 906 'rabdos
289 847 452 915 aspersas
475 846 572 904 esse,
607 845 697 913 quas
718 821 912 894 voluerunt
933 819 1125 891 Pontifices
1175 818 1388 908 repetitione
1408 817 1490 888 filiis
1510 819 1582 888 suis
1607 816 1802 887 inculcent!
1851 817 1900 889 Et
1916 821 2061 912 quidem
2079 822 2166 893 dicit

129 952 253 1001 annua
279 926 492 1018 repetitione
513 926 560 994 ad
583 945 727 993 omnem
745 918 992 1013 posteritatem
1009 936 1125 993 trans·
1177 934 1292 990 textus
1314 919 1550 1000 nominatim,
1583 919 1664 987 ideo
1691 919 1813 989 festa
1802 922 1963 991 instituta
1989 946 2086 1005 esse,
2109 937 2166 1007 ιιι,

130 1032 240 1102 aristi.
894 1073 898 1084 .
1175 1023 1205 1092 si
1223 1022 1447 1113 interrogent
1461 1021 1608 1113 posteri,
1635 1022 1722 1114 quid
1738 1022 1806 1094 sibi
1820 1023 1911 1093 ritus
1926 1024 1976 1091 illi
1992 1026 2164 1100 festorum

128 1181 142 1212 ·;
233 1125 340 1200 Hunc
368 1127 596 1200 utilissimum
626 1150 764 1196 morem
793 1125 1124 1217 antiquissimorum
1176 1123 1309 1207 velint,
1334 1126 1473 1195 edoceri
1490 1124 1627 1215 possint
1641 1125 1787 1215 deipsis
1802 1126 1980 1196 beneficiis
1997 1126 2065 1198 Dei
2080 1125 2166 1206 huic

129 1248 299 1349 patrum,
330 1229 509 1312 Ecclesia,
544 1252 636 1322 quae
667 1252 733 1318 per
754 1228 947 1318 Apostolos
976 1229 1123 1298 collecte
1176 1226 1312 1344 populo
1336 1227 1526 1317 praestitis.
1578 1226 1661 1319 Quo
1678 1240 1868 1317 praecepto
1885 1227 1982 1302 Deus
1997 1244 2034 1298 et
2048 1245 2166 1328 poste]

130 1337 220 1421 fuit,
252 1335 410 1412 imitata,
443 1328 540 1401 haud
563 1330 670 1401 dubie
692 1331 835 1400 monitu
852 1332 1125 1448 Apostolorum,
1176 1353 1236 1398 ros
1257 1330 1356 1397 iubet
1380 1352 1552 1421 quaerere
1574 1331 1619 1398 de
1647 1330 1906 1419 significatione
1927 1332 2092 1415 rituum,
2123 1353 2166 1406 at

132 1438 329 1554 quotannis
350 1434 455 1504 certis
474 1434 600 1505 diebus
627 1434 783 1502 celebrat
805 1433 1016 1504 memoriam
1040 1456 1124 1501 con·
1176 1454 1280 1500 causa
1316 1431 1468 1500 instituti
1501 1431 1604 1513 festi,
1635 1444 1670 1500 et
1697 1445 1864 1523 parentes
1896 1435 2010 1524 cogit,
2045 1449 2103 1517 ut,
2136 1434 2167 1506 si

131 1540 248 1628 cepti,
281 1537 377 1620 uati,
410 1537 600 1619 crucifixi,
618 1535 849 1615 ιιιιιιιίιειιί,Ι
872 1548 910 1605 ιι
929 1537 1063 1625 recepti
1087 1535 1125 1608 iu
1177 1532 1326 1601 omnino
1355 1531 1426 1626 ipsi
1453 1532 1563 1601 velint
1592 1535 1665 1603 esse
1689 1548 1761 1602 tam
1783 1536 1951 1606 scelerate
1971 1536 2109 1654 ingrati
2131 1548 2167 1605 ιι

136 1642 274 1709 coelum
302 1631 450 1705 Domini
481 1639 595 1706 nostri
619 1635 697 1706 lesu
722 1632 873 1718 Christi,
890 1650 942 1714 et
969 1637 1123 1712 aliorum
1177 1633 1362 1718 obliviosi,
1389 1649 1429 1704 ut
1449 1659 1514 1726 per
1540 1660 1576 1703 se
1598 1660 1672 1703 non
1693 1649 1858 1726 repetant
1883 1637 1979 1708 illis'
1968 1664 2054 1731 ipsis
2068 1640 2165 1708 festis
2286 1727 2288 1730 v

133 1742 365 1835 quorundam
387 1740 586 1822 factorum,
612 1752 836 1855 sumptorum
863 1762 906 1808 ex
929 1741 1051 1811 eadem
1072 1737 1125 1808 hi·
1176 1738 1302 1809 diebus
1335 1737 1618 1828 magnitudinem
1658 1738 1867 1807 divinornm
1898 1741 2166 1859 beneficiorum,

133 1842 260 1926 steria,
287 1864 441 1934 quorum
458 1853 675 1931 perpetuam
686 1841 724 1909 in
740 1840 895 1910 Ecclesia
912 1843 1123 1912 memoriam
1177 1842 1300 1910 saltem
1324 1840 1496 1910 filiorum
1494 1863 1651 1910 suorum
1675 1842 1939 1931 percontationi
1966 1843 2166 1929 necessario

132 1958 276 2034 extare,
301 1967 376 2011 non
402 1944 548 2033 prodest
570 1944 708 2025 solum,
734 1945 795 2016 sed
820 1943 926 2012 etiam
943 1957 1125 2014 estneces-
1149 1937 1153 2036 l
1177 1944 1449 2034 satisfacientes,
1481 1943 1621 2011 simul'
1608 1945 1678 2034 ipsi
1702 1967 1846 2036 qnoque
1871 1947 2067 2075 eorundem
2079 1961 2166 2074 ope-¹¹

135 2045 291 2127 sarium,
318 2047 427 2137 litque
444 2046 647 2138 aliqnorum
669 2045 794 2114 talium
813 2046 989 2115 factorum
1008 2069 1153 2115 recor·
1149 2039 1256 2115 rum
1273 2043 1341 2113 Dei
1355 2027 1602 2114 recordentur.

135 2150 236 2224 datio
260 2148 363 2217 illis
353 2147 439 2237 ipsis
463 2147 587 2222 dicbus
609 2147 806 2226 mensium,
833 2148 962 2240 quibus
978 2148 1063 2217 olim
1084 2172 1153 2217 ea:
1149 2121 1154 2166 ⁸
1278 2146 1357 2214 Hoc
1379 2158 1607 2238 praeceptum
1632 2148 1738 2215 etiam
1759 2148 1803 2213 ad
1820 2171 1886 2217 nos
1899 2151 2079 2239 pertinere
2094 2149 2166 2217 eri-

132 2251 295 2320 evenisse
318 2251 524 2322 creduntur.
575 2248 677 2340 Quae
704 2252 924 2322 consuetudo
947 2249 1125 2321 Ecclesiae
1177 2250 1372 2329 stimemus,
1400 2252 1460 2342 qni
1479 2250 1516 2317 in
1531 2250 1686 2319 Ecclesia
1704 2245 1836 2319 Christi
1853 2250 2018 2332 vivimus,
2043 2264 2166 2319 etnon

132 2353 203 2432 etsi
224 2353 270 2421 ab
293 2351 471 2443 aliquibus
493 2351 655 2441 profanis
675 2347 881 2421 hominibus
902 2364 943 2422 ut
958 2352 1125 2443 supersti·
1176 2352 1320 2420 illorum
1337 2363 1476 2438 tantum
1494 2352 1768 2432 beneficiorum,
1796 2375 1887 2443 qnae
1901 2355 2037 2446 populo
2053 2349 2166 2423 lsrae-

135 2454 227 2528 tissa
252 2466 288 2524 ct
309 2453 445 2523 inutilis
469 2453 651 2523 interdum
677 2454 918 2525 contemnitur
946 2452 1004 2547 (ut
1027 2456 1126 2524 inve·
1176 2453 1275 2521 litico
1291 2451 1388 2521 Deus
1404 2455 1631 2543 peculiariter
1644 2452 1841 2544 praestitit
1868 2452 1946 2524 iure
1961 2456 2166 2574 adoptionis

136 2556 288 2628 uiuntur
309 2577 571 2647 nonnunquam
587 2554 720 2646 aliqui,
747 2557 876 2647 quibus
892 2579 1017 2624 omnes
1034 2555 1124 2626 anti·
1177 2555 1369 2645 participes
1395 2555 1481 2623 facti
1510 2579 1653 2639 eunius,
1696 2558 1757 2625 sed
1788 2556 1893 2623 etiam
1924 2582 1967 2626 er
1991 2560 2165 2627 immensa

137 2657 285 2750 quitatis
306 2656 396 2727 ritus
419 2657 706 2752 improbantur),
731 2670 851 2726 tamen
871 2658 981 2727 animi
972 2657 1153 2726 libera-t
1149 2656 1246 2801 ¹Dei
1270 2656 1535 2740 misericordia,
1576 2682 1655 2725 cum
1680 2658 1787 2726 alieni
1810 2683 1963 2729 essemus
1988 2660 2165 2749 apopulo

134 2756 366 2848 lesaprimis
383 2781 487 2829 ιιιιιιι
502 2760 679 2830 assuefieri
696 2761 845 2843 debent,
871 2773 912 2829 ut
933 2761 1125 2853 antiquita·
1177 2760 1307 2850 ipsius,
1340 2759 1408 2825 alia
1433 2784 1578 2853 quoque
1599 2759 1736 2828 infinita
1755 2759 1820 2827 Dei
1844 2764 1998 2829 donam
2021 2757 2165 2830 Christo

123 2862 184 2940 ἰιι
201 2861 262 2954 pia
284 2858 451 2942 inventa,
484 2884 575 2952 quae
599 2885 679 2931 cum
701 2863 810 2932 verbu
830 2860 897 2932 Dei
913 2874 1126 2952 congruunt,
1149 2729 1154 2928 i
1178 2861 1387 2953 consequuti
1402 2886 1536 2944 snmus,
1563 2887 1715 2955 quornm
1736 2864 1946 2933 memoriam
1962 2885 2166 2955 nospcrpe-

139 2975 175 3032 et
194 2962 364 3052 exemplis
379 2963 710 3055 antiquissimorum
728 2977 872 3054 patrum
889 2967 1126 3055 comproban·
1178 2976 1237 3034 tna
1255 2963 1473 3053 gratitudine
1492 2965 1670 3034 celebrare
1688 2966 1800 3033 multo
1817 2965 1941 3037 iustius
1960 2979 2031 3048 est,
2056 2989 2165 3058 quam

139 3077 218 3146 tur,
254 3087 376 3134 amare
413 3066 569 3148 discant,
606 3077 642 3135 et
666 3088 741 3135 non
767 3080 901 3136 temere
926 3068 1125 3168 qonrellere
1176 3064 1327 3136 ludaeos
1350 3065 1632 3135 liberationem
1622 3092 1660 3135 ιιι
1680 3067 1836 3151 diluvio,
1864 3082 1925 3137 aut
1941 3068 2164 3136 eductionem

137 3170 306 3258 ιιιιιιιιιιιι.
810 3232 814 3238 ,
930 3219 937 3234 .
972 3197 988 3238 ι
1179 3193 1221 3238 ex
1245 3171 1429 3285 Aegypto,
1470 3180 1533 3237 aut
1566 3121 1839 3259 patefactionem
1874 3170 1960 3260 legis
1987 3170 2166 3237 celebrare

194 3251 332 3339 Cum
355 3270 465 3360 igitur
488 3282 625 3341 constet
648 3294 691 3340 ex
714 3267 769 3342 his
783 3270 955 3361 exemplis
968 3294 1126 3343 summo·
1178 3270 1372 3365 quotannis
1395 3274 1596 3361 oportebat

137 3395 219 3445 mm
235 3367 547 3454 Patriarcharnm,
577 3372 778 3442 narrationi
803 3396 923 3442 rerum
946 3386 1125 3462 gestarum
1281 3371 1358 3440 Hoc
1373 3386 1490 3441 antem
1508 3386 1549 3442 ut
1561 3375 1678 3464 aptius
1693 3374 1767 3442 lieri
1783 3374 1907 3464 possit,
1924 3377 2024 3442 decet
2039 3398 2167 3442 unum·

138 3473 177 3543 in
192 3472 349 3544 Ecclesia
373 3473 455 3543 ideo
476 3473 700 3564 potissimum
720 3474 796 3545 dies
819 3474 948 3545 alicubi
970 3476 1126 3546 adiectos
1178 3498 1357 3568 quemque
1372 3499 1474 3544 suum
1491 3478 1671 3568 quoddam
1690 3476 1863 3546 eiusmodi
1878 3472 2086 3546 historicum
2105 3471 2167 3542 ha·

137 3575 261 3657 fnisse,
296 3588 336 3645 ut
354 3575 424 3645 illis
443 3577 708 3647 recurrentibus
732 3579 925 3671 quotannis
949 3576 1126 3648 admoniti
1176 3578 1260 3646 bere
1275 3575 1548 3661 calendarium,
1573 3579 1612 3647 in
1635 3603 1707 3671 qno
1725 3579 1844 3668 legens
1862 3580 1991 3669 scripta
2006 3569 2167 3669 Prophe·

138 3677 295 3770 posteri,
321 3689 357 3746 et
372 3701 508 3769 poenas
524 3680 776 3750 sceleratorum
801 3693 958 3763 atroces,
984 3695 1020 3750 et
1040 3681 1126 3750 llbe-
1177 3681 1245 3748 tica
1269 3691 1305 3747 et
1318 3679 1544 3770 Apostolica,
1577 3681 1645 3750 sibi
1669 3694 1817 3749 annotet
1839 3683 1915 3751 dies
1937 3692 1972 3749 et
1988 3694 2167 3772 tempora,

138 3779 297 3852 rationes
316 3779 494 3853 Ecclesiae
519 3783 719 3865 mirandas,
752 3782 903 3854 subinde
927 3784 1049 3853 animo
1073 3795 1126 3853 at·
1177 3782 1307 3876 quibus
1327 3783 1464 3850 inuenit
1487 3795 1600 3873 gestas
1623 3784 1731 3853 resin
1748 3782 1925 3866 Ecclesia,
1952 3784 2077 3874 dignas
2093 3804 2168 3849 me·

138 3884 271 3955 tentius
294 3883 579 3966 considerarent;
613 3899 648 3955 et
671 3911 749 3954 eam
772 3888 819 3955 ob
843 3911 986 3956 causam
1005 3885 1125 3955 Eccle·
1178 3885 1314 3967 moria,
1341 3886 1487 3955 utillud
1510 3900 1632 3976 postea
1656 3886 1798 3956 intuens
1820 3886 2000 3980 qnotidie,
2033 3887 2076 3953 de
2099 3882 2168 3953 illis

138 3985 228 4077 siam
253 4011 396 4078 quoque
416 3987 600 4058 videamus
621 4002 737 4059 certos
757 3988 832 4057 dies
855 3989 1046 4079 insignium
1071 4012 1126 4057 re·
1176 3987 1244 4056 Dei
1260 3988 1428 4077 operibus
1444 4000 1479 4057 et
1493 3987 1672 4059 beneficiis
1688 3991 1951 4059 commonebat.

137 4112 219 4159 rum
244 4112 286 4157 ex
307 4083 456 4158 historia
478 4085 632 4174 Christi,
668 4091 767 4163 fastis
793 4091 875 4163 suis'
889 4092 1126 4181 adscripsisse,
1279 4089 1377 4157 Haec
1407 4091 1501 4159 ratio
1526 4094 1706 4185 quandam
1731 4091 1833 4189 quasi
1854 4091 1960 4159 nobis
1982 4089 2168 4158 necessita·

138 4202 180 4261 ut
195 4190 361 4262 omnibus
375 4191 443 4283 piis
456 4192 608 4263 similem
624 4193 843 4287 diligentiam
860 4197 1128 4263 commendaret
1178 4203 1248 4259 tem
1270 4192 1445 4282 imponit,
1470 4205 1509 4262 ut
1525 4189 1730 4264 huiusmodi
1747 4190 1956 4282 Catalogum
1975 4189 2166 4280 insignium

140 4305 176 4362 et
194 4293 413 4384 iniungeret:
454 4295 554 4365 decet
575 4320 642 4367 nos
666 4319 810 4390 quoque
833 4310 976 4386 patrum
1001 4307 1126 4367 sancto
1177 4306 1368 4364 eventuum
1386 4295 1491 4364 nohis
1506 4295 1823 4386 ipsiconliciamus,
1838 4295 1867 4364 si
1883 4292 2167 4361 modovolumns

140 4396 289 4465 consilio
314 4398 623 4488 obtemperantes,
656 4397 884 4469 etEcclesiae
910 4398 1126 4488 apostolicae
1178 4421 1258 4465 cum
1284 4420 1326 4463 eo
1350 4397 1466 4467 fructu
1483 4398 1520 4465 in
1536 4397 1685 4466 lectione
1700 4420 1882 4467 sacrorum
1897 4396 2071 4464 librorum
2089 4412 2167 4458 ver·

139 4498 238 4589 pium
270 4501 471 4590 exemplum
497 4499 694 4583 imitantes,
731 4504 880 4571 eandem
903 4501 1127 4591 diligentiam
1178 4498 1269 4580 sari,
1296 4498 1359 4591 qui
1383 4525 1403 4568 a
1425 4500 1494 4589 piis
1516 4500 1706 4590 praecipue
1722 4500 1838 4591 expeti
1853 4498 1977 4582 debet,
2003 4495 2168 4591 videlicet
2236 4556 2238 4561 .

138 4613 320 4692 praestare
336 4605 374 4669 in
391 4602 556 4671 universa
573 4602 726 4671 lectione
743 4603 893 4687 biblica,
919 4617 959 4672 ιιι
975 4605 1128 4673 ubicun-
1178 4597 1308 4670 utnon
1324 4601 1432 4670 semel
1446 4602 1519 4685 illa,
1547 4625 1638 4695 quae
1654 4605 1698 4670 de
1714 4602 1892 4671 beneficiis
1908 4599 1977 4670 Dei
1990 4596 2169 4669 Ecclesiae

138 4726 208 4795 que
227 4717 362 4773 certum
378 4706 472 4773 diem
491 4704 583 4772 facto
599 4706 704 4775 alicui
719 4706 885 4776 mirando
908 4704 1125 4796 adscriptum
1180 4698 1365 4786 exhibitis,
1396 4718 1518 4774 nostra
1550 4728 1653 4774 causa
1686 4704 1815 4794 scripta
1848 4716 1951 4786 sunt,
1987 4714 2169 4792 utcunque

138 4806 337 4891 cernimus,
363 4819 467 4899 turpe
491 4811 662 4879 ducamus
681 4806 806 4891 nobis,
832 4809 932 4878 illum
957 4807 1005 4876 ita
1025 4832 1127 4900 prae·
1151 4776 1155 4878 i
1179 4807 1407 4896 cognovisse,
1432 4808 1516 4877 satis
1540 4831 1613 4877 esse
1637 4809 1841 4886 credamus;
1868 4809 1929 4876 sed
1951 4829 2073 4874 eorum
2097 4824 2169 4869 rne-

137 4918 357 4991 tercurrere,
385 4908 486 5002 quasi
511 4911 640 4981 frustra
665 4910 740 4982 eius
763 4911 898 4980 mentio
916 4934 936 4980 a
954 4911 1127 5001 scriptore
1179 4910 1332 4977 moriam
1363 4909 1412 4977 ita
1445 4912 1695 4979 confirmemus
1725 4922 1760 4978 et
1785 4910 2037 4991 exuscitemus,
2069 4905 2170 4975 utin

137 5009 230 5077 facta
252 5012 317 5104 sit,
343 5025 379 5081 et
400 5026 475 5080 nott
492 5014 611 5082 statim
630 5038 711 5083 eum
732 5027 924 5095 annotare,
951 5028 987 5084 et
1003 5013 1128 5082 melni—
1179 5011 1284 5081 nobis
1308 5011 1418 5079 timor
1435 5011 1521 5098 Dei,
1546 5013 1673 5081 fidncia
1697 5012 1894 5103 promissae
1917 5011 2013 5103 opis,
2040 5007 2170 5098 implo-

137 5109 232 5181 nisse
255 5113 294 5181 in
318 5109 413 5183 hunc
436 5115 552 5204 ipsum
577 5142 702 5198 usum,
734 5128 775 5187 ut
795 5117 988 5208 quotannis
1010 5139 1128 5186 rever·
1180 5114 1272 5182 ratio
1297 5126 1333 5181 et
1356 5116 1553 5205 expectatio
1577 5127 1694 5183 certae
1710 5115 1954 5197 liberationis,
1985 5110 2171 5205 patientia,

139 5226 236 5289 tente
270 5219 394 5285 eodem
429 5219 488 5285 die
520 5220 717 5302 admoniti,
757 5216 824 5287 Dei
861 5219 1058 5307 potentiam
1093 5231 1129 5287 et
1180 5216 1291 5285 etalii
1307 5216 1358 5306 pii
1373 5228 1491 5287 motus
1506 5218 1656 5287 subinde
1672 5220 1923 5286 accendantur.

137 5316 358 5400 bonitatem,
392 5344 470 5388 cum
495 5322 533 5389 in
557 5321 747 5413 puniendis
769 5319 931 5413 tyrannis
954 5333 989 5390 et
1011 5345 1155 5413 perse-3
1282 5318 1351 5387 Sed
1385 5323 1428 5388 ad
1464 5316 1557 5388 hanc
1591 5320 1692 5413 quasi
1725 5321 1968 5391 necessitatem
1999 5314 2172 5385 accedunt

139 5419 322 5490 sutoribus
356 5422 518 5510 piorum,
553 5437 629 5494 tum
660 5426 698 5493 in
727 5423 914 5492 liberanda
943 5436 978 5493 et
1008 5425 1129 5493 defen·
1152 5420 1287 5493 tetiam
1312 5423 1481 5491 utilitates
1499 5426 1674 5517 quaedam
1693 5446 1920 5516 nequaqnam
1940 5431 2171 5488 contemnen-

139 5523 255 5590 denda
272 5520 447 5605 Ecclesia
475 5526 597 5593 animo
619 5541 721 5617 grato
740 5526 956 5596 celebremus
973 5539 1009 5595 et
1025 5550 1155 5629 prae
1151 5496 1263 5605 ldae,
1297 5527 1413 5616 quod,
1449 5527 1532 5595 dnm
1565 5539 1767 5616 temporum
1799 5522 2026 5604 discrimina,
2063 5531 2171 5612 atque

139 5623 309 5696 dicemus.
1151 5592 1269 5695 adeo
1293 5626 1401 5697 dies
1390 5652 1505 5719 ipsos,
1536 5635 1712 5722 quatenus
1728 5626 1812 5713 lierq
1820 5635 1955 5717 potest
1981 5623 2171 5716 diligenter
