5125 6525
258 443 334 519 aas
754 435 894 510 ran.
928 433 1780 510 sinn.scn1rravaausaous1anm
1894 402 1905 420 “
2158 547 2161 554 Ι
2226 439 2296 513 aaa

258 621 327 690 lius
344 613 651 692 administrantur,
664 625 759 701 'quae
774 608 922 680 consilio
938 621 1122 699 geruntur,-
1135 630 1244 700 quam
1296 606 1536 697 sumptionem
1558 607 1624 675 sibi
1647 607 1843 697 perlectam
1864 608 1996 691 videri,
2039 633 2145 703 quae
2170 634 2296 701 appro-

261 745 353 815 quae
367 719 443 787 sine
457 714 606 784 consilio
622 710 930 780 administrantur.
974 709 1076 778 Hanc
1089 709 1243 800 primam
1296 707 1442 777 batione
1470 709 1679 777 confirmata
1708 708 1864 778 non-sit.
1925 709 2071 801 Quare,
2119 736 2220 804 quas
2251 714 2295 781 illi

259 833 409 914 partem
424 825 636 894 numerant,
672 837 750 880 eam
776 814 941 903 deinceps
962 814 1162 881 rationibus
1183 835 1245 879 va·
1296 812 1385 879 duas
1402 822 1520 900 partes
1543 822 1757 893 numerant,
1788 811 2077 901 propositionem
2104 825 2148 881 et
2173 837 2296 907 appro-

259 924 342 1005 riis,
369 934 404 989 et
419 942 525 1012 quam
550 914 802 1005 copiosissimis
827 914 942 982 verbis
963 913 1158 1005 approbari
1180 937 1245 1004 pu·
1297 912 1498 993 bationem,
1537 911 1606 981 sibi
1629 934 1738 981 unam
1769 915 1915 1002 partem·
1931 913 2049 983 videri
2071 916 2297 1006 propositio·

261 1035 339 1093 tant
356 1033 544 1113 oportere,
568 1013 638 1085 hoc
656 1018 782 1084 modo:
815 1014 953 1084 Domus
978 1039 1041 1098 ea,
1073 1039 1166 1107 quae
1187 1038 1245 1083 ra·
1295 1037 1401 1096 nem,
1427 1014 1563 1106 quaesi
1580 1014 1778 1103 approbata
1796 1037 1871 1082 non
1893 1014 1960 1096 sit,
1982 1016 2208 1107 propositio
2231 1042 2297 1086 non

260 1128 360 1196 tione
379 1123 535 1211 regitur,
563 1118 728 1187 omnibus
751 1118 957 1187 instructior
983 1130 1035 1187 est
1054 1118 1179 1198 rebus,
1211 1129 1246 1184 et
1296 1116 1343 1185 sit
1356 1115 1687 1205 argumentationis.
1737 1112 1847 1199 ltem,
1872 1139 1964 1209 quae
1986 1120 2033 1185 ab
2057 1117 2139 1188 illis
2169 1143 2297 1190 assum-

262 1225 488 1319 apparatior,
515 1245 621 1315 quam
647 1244 707 1300 ea,
734 1243 825 1312 quae
849 1231 982 1287 temere
998 1231 1033 1286 et
1047 1219 1147 1287 nullo
1162 1241 1245 1286 con·
1296 1216 1395 1307 ptio,
1437 1229 1473 1285 et
1497 1216 1750 1308 assumptionis
1772 1219 1986 1308 approbatio
2012 1219 2186 1303 dicitur,
2223 1245 2297 1290 ean·

262 1330 342 1399 silio
360 1325 641 1396 administratur.
677 1319 860 1391 Exercitus
876 1322 924 1404 is,
951 1321 1008 1389 cui
1023 1320 1247 1411 praepositus
1297 1320 1378 1386 dem
1395 1317 1463 1388 sibi
1481 1318 1760 1409 assumptionem
1784 1321 1898 1389 solam
1919 1321 2049 1395 videri.
2098 1318 2161 1390 lta
2182 1323 2244 1407 lit,
2264 1336 2297 1391 ut

262 1444 314 1501 est
329 1429 470 1520 sapiens
487 1437 521 1495 et
538 1425 686 1494 callidus
700 1424 920 1514 imperator,
947 1423 1113 1491 omnibus
1135 1421 1246 1512 parti·
1298 1422 1422 1489 eadem
1444 1421 1585 1488 ratione
1610 1422 1872 1510 argumentatio
1902 1432 2077 1505 tractata,
2127 1424 2215 1495 aliis
2243 1426 2297 1493 tri-

260 1534 327 1603 bus
343 1528 566 1600 commodius
580 1525 735 1617 regitur,
763 1550 869 1617 quam
888 1524 937 1605 is,
964 1524 1026 1617 qui
1042 1524 1189 1610 stultitia
1213 1535 1248 1591 et
1297 1522 1442 1613 partita,
1469 1521 1547 1590 aliis
1561 1521 1850 1615 quinquepartita
1867 1524 2050 1593 videatur:
2080 1538 2202 1619 atque
2218 1523 2298 1595 baec

261 1632 462 1704 temeritate
482 1629 630 1698 alicuius
653 1626 936 1695 administratur.
993 1624 1129 1694 Eadem
1147 1625 1248 1692 navi·
1298 1623 1424 1693 Cicero
1438 1625 1550 1692 ferme
1567 1624 1696 1693 iisdem
1722 1625 1856 1705 verbis;
1890 1628 2014 1694 eadem
2040 1639 2137 1696 sunt
2159 1629 2294 1719 prodita

262 1736 312 1827 gii
323 1734 417 1802 ratio
437 1744 500 1800 est.
549 1730 642 1799 Nam
660 1728 762 1797 navis
786 1729 921 1818 optime
942 1751 1083 1796 cursum
1106 1725 1247 1796 conficit
1300 1726 1557 1817 aQuintiliano
1572 1726 1616 1794 de
1630 1721 1919 1816 Epicheremate,
1944 1740 2053 1796 vocat
2068 1730 2178 1798 enim
2189 1730 2295 1823 Quin-

262 1861 325 1918 ea,
351 1858 442 1928 quae
463 1831 696 1903 scientissimo
720 1832 959 1919 gubernatore
982 1831 1106 1900 utitur.
1157 1827 1248 1898 Cum
1299 1828 1445 1898 tilianus
1470 1824 1724 1919 Epicberema,
1765 1830 1862 1922 quod
1885 1827 2009 1899 Cicero
2044 1832 2295 1902 ratiocinatio-

263 1935 464 2030 propositio
487 1933 533 2002 sit
555 1929 625 2000 boc
647 1943 752 2022 pacto
776 1930 1052 2022 approbatstt),
1095 1943 1131 2000 et
1156 1934 1248 2000 duae
1299 1953 1395 2001 nem.
1445 1929 1572 2023 Neque
1591 1930 1688 1998 aliud
1702 1942 1805 1999 estre
1821 1931 1917 2022 ipsa,
1951 1931 2028 2001 sive
2053 1930 2306 2025 epicherema,

262 2050 383 2131 partes
398 2034 605 2105 transierint
620 2033 924 2117 ratiocinationis,
958 2034 1061 2101 tertia
1086 2034 1123 2100 in
1148 2043 1249 2123 parte
1300 2032 1373 2101 sive
1396 2032 1644 2115 ratiocinatio,
1670 2055 1777 2126 quam
1803 2032 2041 2124 syllogismus.
2101 2035 2226 2108 Finiit
2244 2037 2295 2108 Ci-

264 2140 386 2222 aiunt,
410 2139 507 2231 quod
526 2137 711 2206 ostendere
728 2136 834 2218 velis,
867 2135 903 2203 id
925 2121 966 2203 ei
980 2134 1016 2201 vi
1029 2134 1249 2226 propositio·
1300 2157 1382 2201 cero
1412 2135 1520 2223 paulo
1549 2135 1732 2204 obscurius
1760 2135 2016 2226 syllogismum.
2085 2135 2237 2210 Deinde
2260 2142 2294 2208 in

263 2242 320 2311 nis
342 2252 509 2332 oportere
532 2261 730 2320 assumere,
756 2233 825 2306 hoc
843 2248 966 2327 pacto:
1006 2232 1105 2306 Nihil
1130 2249 1248 2306 autem
1299 2235 1459 2327 quinque
1476 2249 1595 2326 partes
1614 2235 1796 2306 dissecuit:
1827 2238 2141 2328 propositionem,
2168 2266 2292 2335 appro-

266 2342 429 2413 omnium
445 2365 565 2410 rerum
582 2340 725 2421 melius,
750 2363 857 2431 quam
883 2338 999 2408 omnis
1017 2338 1172 2408 mundus
1188 2339 1249 2405 ad·
1299 2337 1481 2406 bationem
1504 2337 1780 2429 propositionis,
1815 2340 2125 2430 assumptionem,
2163 2369 2291 2415 assum·

264 2442 499 2514 ministratur.
552 2441 666 2510 Huius
682 2440 934 2530 assumptionis
954 2452 1082 2533 quarto
1101 2441 1140 2508 in
1156 2440 1249 2522 loco,
1301 2438 1434 2529 ptionis
1449 2439 1768 2531 approbationem,
1793 2452 1829 2508 et
1843 2442 2150 2532 complexionem.
2195 2446 2288 2539 Quas

264 2547 371 2615 aliam
405 2567 516 2634 porro
551 2542 727 2611 inducunt
758 2541 1054 2633 approbationem
1070 2540 1139 2638 ⁸⁸),
1180 2537 1250 2610 boc
1300 2554 1420 2631 partes
1446 2554 1570 2611 nostro
1593 2566 1694 2611 more
1718 2541 1838 2610 licebit
1860 2568 1964 2613 voces
1981 2546 2190 2633 maiorem,
2219 2572 2289 2618 ma·

262 2647 391 2715 modo:
423 2645 516 2716 Nam
543 2656 578 2712 et
599 2643 782 2733 signorum
809 2655 908 2714 ortus
932 2656 967 2711 et
988 2643 1105 2714 obitus
1126 2643 1250 2712 delini-
1300 2642 1389 2712 ioris
1404 2644 1726 2726 confirmationem,
1752 2643 1942 2730 minorem,
1963 2646 2198 2743 minorisque
2212 2676 2289 2743 pro-

263 2762 339 2820 tum
356 2748 535 2841 quendam
553 2747 716 2814 ordinem
732 2760 896 2828 servant,
929 2758 965 2814 et
987 2768 1127 2814 annuae
1153 2770 1249 2814 com·
1300 2745 1504 2828 bationem,
1537 2760 1573 2813 et
1593 2744 1868 2824 conclusionem.
1931 2747 2047 2832 Nam,
2085 2755 2190 2844 quod
2211 2777 2288 2845 pro-

263 2848 482 2919 mutationes
519 2870 594 2916 non
633 2848 742 2914 modo
780 2850 936 2939 quadam
971 2871 1014 2915 ex
1041 2847 1249 2917 necessitate
1300 2847 1548 2916 nuntiatorum
1565 2849 1796 2938 probationes
1815 2848 1854 2916 in
1878 2850 2080 2941 syllogismi
2100 2868 2288 2944 parte-nu·

263 2973 404 3042 semper
430 2952 557 3018 eodem
579 2951 688 3016 modo
711 2949 821 3031 liunt,
862 2971 988 3015 verum
1012 2950 1057 3016 ad
1080 2949 1250 3019 utilitates
1302 2961 1436 3032 merat,
1479 2949 1594 3039 magis
1620 2950 1791 3020 materiae
1824 2966 2144 3042 argumentorum,
2183 2983 2288 3053 quam

263 3075 409 3146 quoque
432 3074 552 3120 rerum
575 3049 736 3118 omnium
760 3061 845 3120 sunt
866 3053 1175 3133 accommodatae,
1216 3062 1252 3119 et
1300 3051 1439 3119 formae
1454 3050 1631 3120 rationem
1648 3048 1785 3124 habuit.
1825 3052 1960 3123 Verum
1981 3051 2042 3124 bic
2065 3082 2143 3127 non
2163 3062 2289 3151 agitur,

263 3155 415 3224 diurnae
442 3165 711 3246 nocturnaeque
741 3150 1000 3223 vicissitudines
1027 3152 1123 3221 nulla
1146 3152 1183 3220 in
1210 3175 1249 3220 re
1302 3176 1384 3220 vera
1402 3152 1475 3221 sint
1492 3152 1690 3237 axiomata,
1716 3178 1781 3223 nee
1802 3178 1868 3238 ne,
1894 3157 1957 3225 sed
1984 3163 2175 3251 quomodo
2199 3163 2289 3233 inter

262 3279 422 3351 unquam
452 3268 628 3338 mutatae,
670 3253 861 3347 quicquam
898 3267 1118 3338 nocuerunt,
1158 3279 1249 3348 quae
1300 3278 1337 3324 se
1354 3241 1587 3340 cohaesisse,
1614 3280 1757 3350 quoque
1774 3256 1901 3327 ordine
1924 3260 2113 3331 coniuncta
2135 3266 2233 3350 sint,
2256 3279 2291 3335 et

262 3359 364 3451 signo
380 3371 464 3429 sunt
479 3357 620 3441 omnia,
646 3380 722 3425 non
739 3357 913 3425 mediocri
926 3360 1081 3450 quodam
1100 3357 1248 3429 consilio
1301 3369 1391 3450 quot
1409 3381 1533 3440 voces,
1567 3371 1725 3453 quotque
1747 3361 1976 3450 pronuntiata
1997 3364 2185 3455 compingi
2206 3391 2290 3458 pos·

260 3475 428 3531 naturam
451 3461 579 3530 mundi
602 3458 857 3530 administrari.
915 3458 1052 3552 Quinto
1075 3459 1250 3529 inducunt
1300 3460 1371 3529 sint
1387 3459 1425 3527 in
1440 3460 1704 3553 syllogismum,
1730 3461 1886 3556 alioqui,
1912 3464 1943 3534 si
1963 3464 2065 3534 addas
2088 3466 2290 3540 axiomatis

260 3563 342 3632 loco
364 3563 647 3652 complexionem
665 3560 714 3653 ¹⁷)
748 3585 847 3643 eam,
882 3585 973 3654 quae
997 3574 1060 3631 aut
1083 3562 1119 3631 id
1143 3562 1249 3631 infert
1299 3562 1551 3652 probationes,
1583 3563 1655 3632 iam
1680 3587 1795 3634 novus
1817 3565 2039 3657 syllogismus
2062 3569 2286 3649 contexitur;

262 3665 400 3746 solum,
432 3665 531 3756 quod
552 3687 594 3731 ex
618 3662 784 3732 omnibus
805 3664 965 3753 partibus
987 3664 1146 3755 cogitur,
1180 3659 1250 3734 hoc
1301 3664 1429 3732 deinde
1460 3664 1621 3759 plerique
1659 3665 1855 3758 syllogismi
1890 3667 2067 3739 eiusmodi
2101 3682 2204 3755 sunt,
2242 3683 2287 3740 nt

263 3764 389 3833 modo:
417 3763 576 3833 Consilio
591 3764 700 3854 igitur
715 3766 868 3834 mundus
885 3765 1167 3848 administratur,
1188 3778 1250 3836 aut
1299 3765 1356 3833 vel
1371 3767 1458 3834 citra
1478 3767 1766 3838 confirmationes
1780 3769 1865 3842 satis
1884 3771 2071 3841 declarent
2091 3773 2288 3844 conclusio-

262 3889 375 3936 nnum
393 3863 431 3933 in
446 3866 566 3933 locum
589 3889 668 3933 cum
687 3866 895 3934 conduxerit
910 3866 1066 3935 breviter
1086 3869 1249 3958 proposi·
1299 3891 1402 3951 nem,
1430 3869 1551 3962 quales
1575 3893 1617 3938 ex
1636 3867 1897 3942 Mathematicis
1922 3873 1996 3963 peti
2020 3889 2196 3964 possunt,
2230 3875 2287 3970 qni

261 3968 398 4038 tionem
421 3979 457 4035 et
480 3966 780 4058 assumptionem,
813 3968 850 4034 id
875 3968 1055 4059 adiungit,
1087 3972 1183 4061 quod
1206 3992 1249 4038 ex
1299 3993 1374 4037 rem
1401 3969 1513 4039 oculis
1535 3972 1738 4042 subiiciunt.
1811 3973 1880 4044 Sed
1904 3976 1947 4043 de
1977 3971 2184 4061 rhetorica,
2224 3974 2287 4047 boc

259 4065 317 4140 bis
339 4069 568 4153 conficiatur,
602 4071 648 4137 ad
671 4064 766 4138 bunc
788 4069 947 4139 modum:
987 4069 1150 4163 Quodsi
1175 4096 1248 4141 me·
1300 4084 1372 4154 est,
1398 4072 1576 4163 probabili
1592 4076 1901 4165 argumentatione
1915 4077 2137 4170 loquebatur
2154 4079 2286 4164 Cicero,

260 4170 330 4243 lius
345 4184 519 4262 geruntur
534 4194 597 4255 ea,
622 4195 713 4265 quae
730 4171 899 4255 consilio,
925 4196 1031 4266 quam
1057 4197 1149 4266 quae
1171 4174 1247 4244 siue
1299 4196 1390 4267 quae
1417 4174 1539 4264 figuris
1565 4189 1601 4245 et
1621 4173 1858 4248 schematibus
1883 4180 2053 4250 oratoriis
2079 4182 2285 4254 illustratur.

261 4275 410 4345 consilio
424 4273 740 4357 administrantur,
766 4270 858 4343 nibil
873 4286 990 4343 autem
1013 4277 1175 4346 omnium
1192 4301 1248 4346 re-
1297 4275 1373 4347 Nos
1387 4275 1685 4368 simplicissimam
1702 4291 1736 4347 et
1756 4279 1987 4350 certissimam
2009 4286 2286 4373 argumentandi

260 4400 341 4447 rum
358 4376 504 4459 melius,
531 4400 638 4470 quam
656 4376 774 4446 omnis
791 4379 946 4447 mundus
964 4378 1248 4464 administratur,
1298 4376 1476 4447 rationem
1501 4381 1784 4470 praescribimus.
1837 4381 1910 4453 Nec
1934 4382 2031 4455 aliud
2048 4389 2181 4456 estvel
2197 4387 2285 4458 Cice·

260 4480 410 4548 consilio
429 4479 538 4569 igitur
561 4479 1010 4551 mundusadministratur.
1061 4480 1246 4576 Quinque·
1297 4481 1381 4549 roni
1410 4480 1657 4566 ratiocinatio,
1696 4485 1754 4552 vel
1786 4483 2011 4577 Quintiliano
2035 4485 2285 4579 Epieberema,

260 4582 430 4668 partitam
449 4580 558 4670 igitur
576 4577 765 4672 bocpaoto
782 4593 910 4672 putant
925 4606 999 4653 esse
1020 4596 1246 4673 argumenta·
1298 4607 1405 4676 quam
1439 4586 1536 4677 quod
1564 4585 1756 4656 dialecticis
1783 4586 2018 4679 syllogismus.
2089 4590 2151 4661 Sic
2179 4593 2286 4663 Marci

194 4736 195 4739 ,
260 4679 408 4751 tionem.
473 4681 547 4772 Qui
568 4695 687 4753 autem
711 4683 926 4775 tripartitam
950 4708 1024 4755 esse
1045 4684 1186 4770 dicunt,
1219 4687 1246 4755 ii
1298 4684 1479 4754 Ciceronis
1503 4686 1814 4757 ratiocinationem
1846 4689 1984 4760 omissis
2010 4693 2285 4782 probationibus

261 4804 336 4851 non
350 4781 453 4852 aliter
468 4796 597 4873 putant
616 4786 762 4855 tractari
779 4798 945 4876 oportere
966 4789 1246 4879 argumentatio·
1297 4787 1336 4854 in
1361 4786 1604 4877 syllogismum
1631 4790 1855 4860 dialecticum
1880 4793 2036 4883 rediges:
2065 4795 2185 4887 Quod
2204 4799 2285 4890 opti·

258 4906 363 4968 nem,
390 4884 452 4953 sed
466 4886 696 4975 partitionem
711 4884 839 4957 borum
857 4885 1135 4979 reprehendunt.
1175 4890 1245 4962 Ne·
1297 4913 1354 4957 me
1378 4890 1669 4976 administratur,
1703 4892 1852 4963 consilio
1872 4895 2165 4972 administratur.
2219 4901 2284 4970 lla·

259 4997 346 5075 gant
363 4983 477 5068 enim,
507 5011 624 5081 neque
647 4984 951 5080 apropositiond‚
984 4994 1166 5086 neque'ab
1191 5017 1246 5065 as·
1296 4991 1373 5073 ior,
1399 4991 1616 5083 Propositio.
1668 4995 1825 5066 Mundus
1842 4997 1975 5088 optime
1999 4999 2285 5073 administrator.

258 5087 483 5178 sumptione,
509 5090 786 5180 approbationes
809 5116 933 5162 earum
957 5095 1117 5186 separari
1139 5120 1246 5187 opor·
1297 5092 1438 5179 Minor,
1463 5094 1690 5186 Adsumptio.
1746 5097 1842 5189 Ergo
1867 5102 2022 5170 mundus
2045 5105 2211 5176 consilio
2232 5106 2283 5174 ad-

259 5197 354 5272 tere,
376 5212 491 5280 neque
506 5193 790 5283 propositionem
813 5195 1032 5281 absolutam,
1057 5222 1173 5293 neque
1190 5223 1245 5270 as-
1298 5195 1532 5268 ministratur.
1565 5198 1776 5285 Conclusio,
1803 5200 2022 5292 Complexio.
2054 5207 2186 5299 Atque
2201 5205 2283 5278 bunc

260 5344 467 5359 .-..-
1296 5297 1541 5392 syllogismum
1556 5301 1673 5386 vides,
1700 5326 1809 5397 quam
1827 5305 1990 5395 copiose,
2017 5331 2132 5398 quam
2152 5313 2282 5403 elegan-
2332 5304 2333 5363 l

293 5417 343 5479 aa)
361 5423 463 5474 annot
482 5431 585 5485 naas:
603 5421 759 5485 respousa
777 5425 865 5476 nator
881 5430 1084 5491 conpressius,
1298 5413 1352 5470 ter
1373 5402 1503 5471 dixerit
1517 5401 1653 5475 Cicero.
1703 5404 1778 5476 Nec
1800 5406 1925 5475 inutile
1945 5408 2075 5491 luerit,
2103 5409 2282 5484 Ciceronis
2332 5430 2333 5517 y

294 5524 342 5582 as)
360 5526 462 5578 annot.
478 5535 583 5589 merga
607 5524 769 5588 assumptio
789 5528 878 5578 aanor
895 5530 1072 5593 capessetur,
1298 5505 1498 5595 exemplum
1521 5506 1623 5599 sequi
1645 5506 1683 5575 in
1705 5508 1924 5598 expoliendis
1946 5513 2202 5610 ornandisque
2223 5514 2284 5609 syl·

293 5624 342 5692 ss)
359 5629 460 5680 mss
476 5640 584 5693 mg,
603 5629 781 5694 conplexio,
805 5629 962 5684 commi„
1060 5697 1073 5729 ι
1297 5605 1474 5698 logismis,
1506 5605 1603 5678 iuxta
1623 5605 1809 5681 rhetorum
1833 5624 2035 5704 praecepta.
2097 5615 2220 5703 Nam,
2250 5626 2284 5687 ot
