5125 6525
1708 231 1785 310 ἱ

297 453 455 533 686

377 622 743 699 CCXXIX.
818 624 943 720 De
998 626 1378 697 consule
1432 636 1804 716 petente
1854 647 1895 692 a
1951 636 2222 716 poeta

996 728 1599 798 mendacium.

507 864 827 958 Quidam
901 864 1151 936 consul
1227 866 1305 932 in
1360 864 1798 933 Pomerania
1857 861 2293 930 invitaverat

295 981 590 1062 poetam
657 968 749 1037 ad
811 968 1265 1050 convivium,
1350 978 1422 1036 et
1470 978 1552 1036 ut
1596 966 1959 1035 videretur
1997 965 2291 1048 facetus,

298 1071 515 1141 dixit:
597 1069 956 1161 Regulare
1020 1082 1162 1153 est,
1245 1070 1442 1163 quod
1484 1081 1744 1159 poetae
1804 1067 2290 1146 mentiantur:

298 1173 513 1243 dicite
554 1173 779 1263 igitur
821 1168 1003 1240 mihi
1053 1171 1350 1265 aliquod
1395 1171 1874 1241 mendacium.
2005 1167 2132 1238 llle
2179 1192 2292 1238 re-

299 1276 642 1368 spondet:
711 1273 1026 1346 Domine
1073 1276 1358 1358 consul,
1408 1273 1580 1369 quid
1624 1298 1742 1342 me
1788 1272 2098 1356 vexatis,
2160 1295 2290 1342 vos

300 1379 469 1449 estis
516 1378 631 1445 vir
675 1377 933 1449 bonus.
1070 1375 1339 1447 Consul
1406 1400 1578 1445 vero
1635 1376 1852 1447 istum
1916 1371 2289 1444 hominem

300 1504 454 1550 non
485 1479 856 1549 intellexit.

297 1883 480 1954 libet
520 1887 781 1954 ducum
827 1884 995 1953 fecit
1030 1885 1462 1976 peculiarem
1514 1896 1832 1974 gestum,
1894 1905 2039 1977 quo
2082 1855 2294 1949 dolor

301 1997 375 2055 et
421 1998 658 2076 gestus
698 1985 1257 2076 significaretur,
1316 2000 1389 2055 et
1433 1986 1655 2055 alium
1701 1985 1935 2077 pinxit
1976 1984 2295 2065 flentem,

301 2088 525 2159 alium
562 2088 707 2156 alio
740 2105 938 2179 gestu
972 2090 1297 2158 dolorem
1323 2088 1869 2180 significantem.
1957 2087 2099 2157 Sed
2129 2109 2291 2156 cum

300 2214 456 2259 non
487 2202 728 2281 posset
760 2215 936 2282 prae
967 2192 1466 2283 magnitudine
1496 2191 1771 2262 doloris
1802 2190 2133 2260 affectum
2164 2212 2293 2280 pa-

302 2292 435 2364 tris
450 2292 516 2389 ι)
564 2293 960 2384 exprimere
981 2347 1003 2378 ,
1057 2294 1291 2385 pinxit
1326 2320 1489 2365 eum
1525 2296 1837 2366 obducto
1877 2306 2035 2364 toto
2064 2292 2292 2363 vultu.

483 2460 851 2535 CCXXXI.
924 2463 1044 2533 De
1092 2462 1729 2534 Maximiliani
1780 2462 2117 2533 indole.

517 2601 830 2694 Quando
879 2603 1416 2675 Maximilianus
1483 2603 1895 2673 adolescens
1949 2599 2087 2670 fuit
2146 2598 2296 2667 Ro-

305 2725 470 2771 mae
503 2726 665 2772 cum
708 2705 929 2774 fratre
954 2705 1369 2788 Friderico,
1431 2718 1640 2797 pater
1680 2702 1879 2774 misit
1926 2702 1992 2770 ei
2032 2724 2295 2772 munus

307 2804 761 2889 natalitium,
848 2808 985 2883 Εἰιι
1039 2825 1184 2882 nem
1226 2808 1456 2902 Sint,
1542 2831 1662 2878 sex
1699 2800 1999 2897 pulchra
2048 2827 2295 2896 poma,

311 2931 498 3000 quae
539 2921 745 2977 erant
775 2908 881 2978 illi
918 2911 1215 2982 aliunde
1238 2912 1495 2993 missa,
1562 2906 1874 3001 voluit⁶)
1919 2907 2295 2998 explorare

307 3007 681 3099 ingenium
732 3011 899 3095 filii,
967 3027 1037 3082 et
1087 3014 1164 3082 in
1213 3014 1351 3083 illis
1381 3015 1486 3086 20
1516 3033 1772 3081 aureos
1804 3010 2082 3079 infixos.
2182 3006 2295 3078 Illi

313 3123 549 3179 autem
571 3164 592 3193 ,
645 3114 1010 3206 quierant
1050 3115 1290 3198 missi,
1341 3109 1820 3184 exhibuerunt
1855 3123 2297 3193 reverenter,

215 3284 223 3291 ,
308 3224 394 3284 ut
433 3215 752 3286 decebat.
856 3216 1083 3288 Filius
1127 3216 1502 3309 respondit
1548 3240 1623 3286 se
1662 3225 2075 3285 reverenter
2116 3212 2298 3284 illud

311 3341 576 3387 munus
623 3319 986 3412 accipere,
1039 3332 1110 3389 et
1165 3332 1543 3390 oraturum
1588 3343 1662 3390 se
1693 3315 1967 3400 Deum,
2036 3329 2118 3387 ut
2161 3339 2298 3407 pa-

314 3431 497 3487 trem
527 3434 762 3490 servet
789 3422 1266 3505 incolumem,
1313 3445 1532 3516 seque
1579 3419 2062 3490 obedientiam
2106 3418 2299 3511 patri

314 3520 395 3589 in
422 3522 757 3593 omnibus
785 3526 1342 3594 declaraturum.
1433 3522 1692 3591 Postea
1729 3521 2108 3590 collocavit
2142 3545 2301 3590 mu·

314 3647 453 3694 nus
482 3623 559 3693 in
590 3649 953 3711 mensam,
1006 3638 1077 3694 et
1104 3623 1445 3717 inspexit;
1498 3623 1622 3693 ubi
1653 3635 1894 3692 autern
1939 3621 2121 3691 vidit
2164 3622 2300 3690 im·

318 3728 596 3815 positos
643 3750 941 3810 aureos,
1024 3728 1307 3820 collegit
1353 3738 1425 3797 et
1471 3726 1730 3796 abiecit
1768 3725 1958 3795 inter
2007 3724 2301 3796 iuvenes

319 3829 640 3911 sodales,
718 3830 1086 3923 inquiens:
1168 3829 1299 3900 Illa
1343 3841 1576 3901 vestra
1618 3841 1825 3911 sunt,
1900 3828 2024 3899 sed
2079 3850 2300 3920 poma

320 3925 504 3997 mihi
548 3930 926 4021 diligenter
967 3933 1135 4002 volo
1178 3931 1477 4005 servari.
1613 3931 1830 4025 Quod
1876 3954 2038 4001 cum
2085 3931 2301 4021 patri,

322 4030 449 4126 qui
483 4033 860 4124 diligenter
890 4059 930 4103 a
963 4037 1392 4107 relatoribus
1423 4033 1726 4104 reversis
1755 4033 2034 4125 singula
2062 4032 2303 4128 inqui-

318 4135 566 4218 rebat,
620 4137 923 4207 relatum
974 4152 1192 4220 esset,
1245 4136 1516 4230 placuit
1561 4137 1628 4204 ei
1669 4149 1737 4205 et
1787 4136 2030 4205 ridens
2084 4135 2298 4205 dixit:

315 4234 518 4306 Bene
538 4291 560 4320 ‚
640 4237 841 4314 ffllein
901 4237 1016 4330 Ῐοιι
1079 4245 1317 4325 matht.
1357 4242 1460 4315 ein
1526 4235 1977 4332 fitetgnebtein
2019 4243 2299 4312 methea.

316 4338 638 4424 Placuit,
727 4347 925 4438 quod
972 4356 1163 4414 recte
1210 4343 1682 4416 distribuisset
1753 4353 1825 4409 et
1881 4340 2306 4433 applicasset

317 4440 442 4509 illa
478 4445 710 4528 dona,
764 4470 948 4540 quae
992 4446 1108 4517 isti
1156 4472 1324 4518 suae
1360 4445 1576 4515 aetati
1625 4455 1832 4513 erant
1873 4444 2305 4512 convenien-

320 4543 452 4626 tia,
502 4547 823 4637 neglecta
851 4550 1180 4639 pecunia,
1221 4573 1438 4642 quam
1472 4546 1532 4616 si
1565 4546 1971 4637 accepisset,
2018 4545 2300 4636 signum

317 4649 767 4737 praebuisset
793 4651 1209 4722 abiectionis
1244 4662 1558 4722 nostrae.
1660 4648 2192 4718 Animadvertit
2228 4648 2304 4715 iu

323 4772 413 4817 eo
444 4751 714 4841 regiam
747 4753 1064 4823 indolem
1113 4766 1183 4824 et
1226 4752 1732 4824 liberalitatem
1777 4752 1855 4819 in
1901 4753 2063 4821 loco
2111 4774 2305 4820 com·-

321 4856 646 4925 modam.

558 5018 950 5095 ccxxxn.
1032 5021 1158 5092 De
1210 5022 1616 5095 Doctore
1686 5027 2074 5120 quodam

1040 5125 1583 5199 Pomerano.

534 5254 916 5332 Praestans
994 5262 1286 5357 quidam
1361 5260 1514 5332 fuit
1564 5259 1839 5330 Doctor
1914 5259 2305 5355 aliquando

315 5355 905 5451 Wittembergae
962 5365 1257 5434 nomine
1307 5359 1697 5436 Muschler.
1825 5361 1892 5435 Is
1951 5387 2109 5434 cum
2177 5363 2307 5432 ali-

397 5577 460 5645 4)
496 5581 709 5643 patris]
744 5580 801 5630 in
841 5580 976 5632 cod.
1013 5579 1188 5629 deest.

395 5666 462 5726 ὅ)
495 5668 702 5729 voluit]
739 5666 911 5720 cod-z
955 5666 1135 5718 noluit

666 451 758 528 V.
857 449 1378 536 msTomAE
1429 449 1915 548 QUAEDAM
1964 438 2525 525 RECITATAE
2574 451 2878 525 INTER
2923 451 3394 527 PUBLICAS
3437 456 4000 535 LEc'rloNRS.

4220 458 4380 537 68⁶

2397 626 2690 717 quando
2721 623 3001 693 veniret
3026 627 3117 693 ad
3147 625 3454 717 Augusti
3481 629 3825 721 principis
3873 630 4247 722 coniugem
4297 633 4376 701 in

2396 727 2678 812 aulam,
2730 727 3075 797 invitatus
3110 742 3215 800 est
3245 732 3335 799 ab
3371 730 3488 799 illa
3523 734 3613 800 ad
3662 756 3998 817 coenam,
4049 733 4172 802 ubi
4206 756 4378 801 con-

2394 831 2642 899 stituto
2678 842 3002 919 tempore
3033 833 3461 922 comparuit,
3509 838 3685 907 ”nub
3724 835 3937 927 baben
3968 834 4084 928 fid)
4114 856 4189 927 8¹⁸
4225 833 4374 929 6Ῐῴ

2392 930 2580 1026 gefe&
2626 933 2723 1006 bie
2767 928 3031 1022 ῧῆεῐὲίη
3078 933 3293 1026 sumpt
3333 936 3476 1009 itm
3508 936 3977 1029 zunctftamen
4025 942 4202 1013 ιιιιιιδ
4234 942 4377 1012 bem

2391 1034 2678 1109 moctot.
2779 1034 2872 1103 Et
2898 1036 3087 1104 inter
3117 1040 3569 1109 coenandum
3603 1042 3830 1109 movit
3880 1042 4374 1135 quaestionem

2393 1137 2815 1228 principissa
2875 1159 2957 1205 ac
3002 1136 3391 1208 Doctorem
3447 1140 3844 1233 interrogat
3886 1145 4159 1212 dicens:
4228 1142 4375 1237 ᾠεῖ

2394 1238 2693 1327 moetos,
2745 1235 2891 1331 fagt
2918 1242 3049 1327 mit
3067 1291 3090 1330 e
3144 1249 3294 1316 mas
3320 1241 3479 1335 beist
3509 1242 3637 1335 anf
3658 1247 4004 1338 ἓαιείιιίῖά)
4030 1248 4134 1320 ein
4169 1242 4375 1334 tuns.

2392 1340 2668 1410 Doctor
2701 1344 3103 1431 respondit:
3159 1345 3491 1416 Scientia.
3597 1348 3718 1422 Da
3752 1347 3897 1442 sagt
3930 1351 4029 1424 bie
4060 1343 4373 1439 ffsstffint

2395 1445 2500 1533 (ξι)
2546 1441 2657 1531 bet
2702 1443 3005 1531 moctot,
3092 1454 3163 1518 es
3204 1444 3283 1534 ist
3326 1450 3432 1521 ein
3481 1453 3683 1524 nubet
3722 1461 3918 1526 mott-
4054 1451 4178 1525 Da
4224 1456 4373 1523 ants

2394 1548 2609 1619 motbt
2638 1549 2747 1620 bet
2776 1545 3078 1621 mactat:
3135 1547 3240 1630 &a
3282 1552 3547 1643 gnebige
3580 1553 3823 1640 ῧιαιυ,
3872 1555 3931 1625 it
3975 1553 4091 1643 seit
4135 1555 4259 1624 bas
4304 1572 4374 1639 α,

2394 1646 2485 1740 id>
2521 1650 2635 1724 bin
2660 1651 2786 1722 bass
2820 1670 2892 1736 t,
2945 1652 3074 1724 »nb
3108 1651 3206 1724 bie
3237 1650 3630 1743 &unctftam
3663 1660 3785 1729 bas
3819 1662 3896 1740 ὁ,
3946 1654 4013 1745 50
4054 1653 4180 1725 [eft
4208 1650 4372 1746 mid)

2392 1772 2535 1824 mm
2596 1753 2667 1823 al
2721 1755 2922 1825 betten
2970 1750 3290 1846 ansatum.
3405 1750 3513 1822 Ibi
3560 1756 3981 1847 principissa
4027 1755 4378 1846 incipiens

2391 1854 2631 1922 ridere
2671 1854 3035 1948 inquiens:
3106 1858 3213 1946 Qu)
3259 1858 3377 1950 bet
3419 1856 3720 1946 vectet,
3786 1865 3937 1931 ωαό
3981 1853 4180 1947 Tollen
4224 1858 4405 1956 tustr-

2394 1954 2612 2047 than?
2711 1953 2816 2025 Ibi
2848 1955 3132 2027 Doctor.
3170 1962 3589 2031 erubescens
3622 1985 3770 2030 sese
3802 1959 4201 2041 excusavit,
4250 1983 4384 2027 vo·-

2394 2059 2530 2129 luit
2562 2062 2753 2126 enim
2804 2060 3072 2130 dicere:
3140 2063 3329 2153 &get
3373 2062 3531 2156 mid)
3580 2061 3736 2156 aud)
3782 2063 4121 2156 ῡιιῖαιιιειι,
4176 2060 4376 2155 quod

2397 2172 2633 2231 autem
2661 2161 2860 2253 prius
2887 2162 3104 2233 dixit:
3160 2165 3320 2239 lefet
3350 2163 3512 2259 mid)
3549 2166 3674 2248 alle
3705 2163 4044 2260 gustuum,
4094 2163 4169 2232 id
4204 2185 4374 2235 suae

2393 2264 2681 2356 linguae
2714 2263 2983 2334 idioma
3017 2266 3193 2348 fuit3
3248 2280 3404 2336 erat
3438 2268 3628 2336 enim
3660 2267 3873 2340 Saxo.

2481 2429 2912 2503 CCXXXIII.
2978 2430 3101 2504 De
3150 2432 3599 2526 Hispanis
3640 2435 4289 2508 accusantibus

3114 2533 3647 2608 Germanos.

2574 2664 2754 2735 Orta
2790 2680 2945 2735 erat
2974 2668 3322 2741 dissensio
3352 2669 3431 2739 in
3462 2671 3624 2740 aula
3647 2666 4108 2761 Imperatoris
4129 2669 4374 2739 Caroli

2396 2767 2634 2861 quinti
2653 2768 2840 2838 inter
2856 2771 3232 2841 satellitem
3249 2770 3718 2864 Hispanicum
3754 2784 3823 2841 et
3837 2771 4377 2855 Germanicum,

2396 2870 2638 2940 nescio
2669 2895 2756 2941 ex
2789 2894 2928 2964 qua
2964 2896 3201 2945 causa.
3267 2873 3374 2944 Ibi
3406 2876 3700 2969 quidam
3730 2874 4033 2966 Hispani
4063 2874 4378 2945 insolen-

2397 2973 2620 3044 tiores
2669 2975 2936 3044 adeunt
2976 2972 3494 3068 Imperatorem
3548 2990 3619 3048 et
3661 2977 4053 3049 insolenter
4097 2987 4377 3068 petunt,

2396 3087 2479 3144 ut
2523 3099 2773 3146 omnes
2821 3076 3225 3149 Germanos
3276 3105 3363 3150 ex
3406 3081 3566 3150 aula
3617 3080 3969 3159 dimittat;
4046 3103 4121 3149 se
4181 3078 4376 3148 enim

2397 3178 2666 3247 servire
2697 3202 2849 3247 non
2882 3203 3130 3272 posse,
3192 3181 3253 3251 si
3298 3181 3402 3249 illi
3444 3182 3657 3252 simul
3695 3183 4034 3253 serviant.
4148 3176 4378 3272 Impe-

2398 3292 2602 3349 rator
2627 3281 2930 3352 miratus
2961 3283 3252 3353 illorum
3282 3284 3570 3355 stultam
3612 3297 3681 3354 et
3727 3285 4152 3355 insolentem
4198 3283 4379 3372 peti-

2402 3382 2715 3465 tionem,
2783 3381 3021 3468 Bene,
3084 3385 3358 3479 inquit,
3416 3386 4004 3482 quandoquidem
4048 3408 4202 3454 non
4249 3399 4388 3476 po-‘

2402 3484 2598 3555 testis
2628 3486 2854 3570 ferre,
2905 3488 3174 3557 curabo
3195 3540 3215 3571 ,
3266 3499 3348 3557 ut
3387 3488 3793 3559 liberemini
3837 3489 3971 3559 ista
4018 3487 4373 3557 molestia.

2402 3585 2794 3658 Constituit
2848 3588 2989 3658 illis
3049 3603 3320 3660 certum
3383 3591 3615 3675 diem,
3688 3591 3817 3686 qui
3859 3615 4020 3660 cum
4079 3591 4380 3673 adesset,

2403 3702 2790 3781 congregat
2818 3715 3067 3761 omnes
3096 3693 3498 3764 Germanos
3525 3695 3602 3762 in
3633 3718 3854 3764 unum
3889 3692 4154 3776 locum,
4187 3689 4384 3760 Boni

2402 3792 2616 3876 socii,
2698 3793 3072 3887 inquiens,
3148 3795 3557 3887 petiverunt
3616 3822 3656 3865 a
3715 3820 3831 3864 me
3874 3793 4215 3885 Hispani,
4283 3804 4381 3861 'ut

2404 3919 2653 3966 omnes
2696 3896 3100 3966 Germanos
3159 3897 3541 3969 dimittam.
3670 3898 3826 3989 Ego
3879 3919 4168 3990 quoque
4218 3919 4378 3965 sum

2402 3996 2832 4069 Germanus.
2963 3997 3220 4069 Venite
3278 4001 3536 4092 igitur,
3623 4002 4002 4083 abeamus,
4092 4021 4183 4066 ne
4239 3995 4380 4068 illis

2403 4098 2707 4196 simus⁰)
2742 4100 3059 4183 molesti;
3110 4115 3179 4172 et
3210 4127 3592 4175 conscenso
3624 4127 3811 4197 equo
3842 4100 4208 4194 praecedit
4236 4123 4381 4170 eos.

2402 4199 2514 4270 Illi
2546 4203 2718 4271 laeti
2746 4216 2819 4273 et
2856 4205 3242 4275 clamantes
3272 4218 3693 4298 sequuntur.
3794 4201 3900 4274 Ibi
3930 4200 4234 4295 Hispani
4266 4222 4381 4269 ac·-

2406 4316 2707 4375 currunt
2737 4319 2807 4374 et
2843 4308 2933 4373 ad
2973 4308 3189 4398 pedes
3229 4332 3303 4377 se
3349 4307 3736 4391 abiiciunt,
3785 4306 4102 4374 retinent
4140 4303 4382 4370 frenos

2406 4419 2476 4477 et
2507 4431 2769 4526 equoso,
2823 4420 2893 4476 et
2928 4422 3140 4478 orant
3171 4433 3300 4501 per
3332 4408 3608 4492 Deum,
3660 4432 3752 4477 ne
3782 4430 3992 4545 aegre
4034 4406 4219 4475 ferat
4262 4424 4382 4471 eo-

2405 4534 2567 4579 rum
2601 4509 3046 4602 petitionem.

2408 4675 2868 4751 CCXXXIIII.
2951 4677 3072 4749 De
3123 4680 3543 4774 symbolo
3596 4673 4048 4772 Alphonsi
4112 4657 4383 4764 regis.

2608 4814 2782 4883 Pro
2837 4816 3038 4907 lege
3093 4828 3179 4884 et
3238 4839 3397 4909 pro
3466 4838 3729 4907 grege
3798 4813 3849 4885 i.
3883 4837 3953 4885 e.
4018 4834 4151 4905 pro
4218 4808 4386 4880 reli-

2408 4917 2620 5009 gione
2650 4930 2722 4987 et
2757 4918 3166 4989 defensione
3209 4917 3683 4989 subditorum.
3800 4913 3932 4986 Est
3973 4927 4121 4983 tam
4168 4937 4402 5029 grave

2409 5020 2680 5090 dictum
2711 5045 2930 5115 quam
2958 5022 3187 5092 ullum
3223 5021 3418 5091 aliud
3447 5021 3661 5091 etiam
3712 5020 3900 5111 apud
3940 5030 4255 5105 veteres,
4312 5002 4402 5101 et,

2409 5123 2470 5193 si
2516 5121 2885 5217 Lycurgus
2949 5125 3145 5195 aliud
3201 5125 3470 5194 dictum
3535 5123 3885 5206 scivisset,
3963 5120 4116 5191 sine
4161 5117 4398 5190 dubio·

2411 5225 2627 5294 etiam
2661 5227 3048 5299 recitasset.
3169 5224 3325 5320 Ipse
3354 5221 3765 5319 Alphonsus
3807 5223 4057 5295 solitus
4107 5236 4213 5294 est
4254 5216 4396 5290 lia-'-

2407 5328 2578 5397 bere
2627 5328 2705 5396 in
2746 5353 2875 5399 suo
2914 5326 3357 5424 hypocausto
3400 5354 3605 5401 avem
3650 5326 4119 5420 pellicanum,
4166 5344 4381 5417 quem

2408 5431 2627 5500 talem
2666 5431 2986 5504 scribunt
3013 5429 3280 5505 habere
3322 5447 3697 5513 naturam,
3751 5454 3911 5499 cum
3956 5426 4183 5518 gignit
4226 5422 4384 5514 pul-

2476 5666 2545 5727 6)
2578 5661 2775 5728 simus]
2813 5663 2982 5717 coda
3028 5678 3220 5718 sumus
