5125 6525
860 219 888 276 b

150 462 272 548 sss·
334 419 380 539 v.
432 409 692 537 nsromsa
718 462 963 558 Quarum
989 462 1266 539 sauram:
1291 467 1444 542 mean
1468 467 1703 545 ruasrcss
1729 461 2008 553 sturiones.
2116 479 2194 559 sse

153 644 245 712 bene
262 637 465 707 notandum
482 649 555 720 est,
577 632 645 705 hac
667 635 744 729 ipsa
766 636 825 705 die
850 660 971 707 eversa
998 651 1033 707 et
1055 663 1151 708 com·
1201 642 1334 726 tentia,
1361 655 1401 711 ut
1420 642 1571 713 afflictae
1590 643 1714 716 matris
1731 647 1968 719 conscientiae
1993 655 2193 726 consulere·

153 747 258 815 busta
278 753 331 811 est
344 738 614 832 Hierosolyma,
642 762 711 834 qua
733 752 817 810 nata
835 753 887 811 est
902 738 1041 825 Maria,
1067 742 1091 812 i.
1112 766 1142 812 e.
1201 756 1270 815 tur.
1323 743 1724 818 Probavitseutentiam
1742 745 1991 843 theologorum
2001 751 2193 829 Lutherus.

152 843 311 921 Ecclesia
337 841 485 926 cessavit
508 855 545 911 et
566 842 670 913 desiit
688 854 788 914 vetus
803 841 974 914 Ecclesia.
1026 842 1149 916 Sustu-
1200 845 1312 917 Porta
1330 848 1426 917 enim
1445 849 1582 939 gratiae
1597 862 1632 920 et
1646 851 1882 925 absolutionis
1904 877 2090 950 nunquam
2112 883 2193 953 pec-

153 948 199 1021 lit
220 972 298 1018 eam
315 958 441 1016 'autern
466 942 583 1029 Deus,
624 968 670 1014 ne
700 945 838 1016 videret
865 946 1147 1036 ingravescentia
1171 937 1174 952 ¹
1200 950 1381 1022 catoribus
1396 950 1516 1022 clausa
1532 977 1605 1023 esse
1621 954 1738 1025 debet.
2179 1021 2185 1030 .

154 1052 248 1122 mala
266 1049 336 1121 i.e.
360 1042 525 1120 haereses
546 1060 582 1118 et
603 1048 845 1133 eversionem,
878 1074 960 1120 cum
980 1050 1066 1121 satis
1090 1076 1148 1121 suv
1670 1120 1680 1138 ,
1720 1121 1730 1139 ‚
2179 1043 2182 1054 '

154 1176 292 1247 perque
310 1150 555 1220 calamitatum
576 1146 764 1236 habuerit,
790 1150 913 1223 videns
928 1151 1041 1221 lilium
1061 1177 1148 1245 pen·
1322 1117 1586 1191 CCXXXXW·
1626 1119 1832 1212 V¹ss¹¹³l²
1859 1136 1900 1193 ‘l
1927 1139 2069 1198 ⁰²³¹&

154 1258 298 1328 dentem
315 1254 355 1322 in
371 1278 494 1337 cruce,
520 1277 585 1322 nec
603 1255 710 1323 credo
735 1253 844 1325 ullam
868 1254 1058 1324 mulierum
1084 1280 1148 1346 po·
1306 1253 1366 1327 14.
1386 1253 1473 1346 ⁸lolii
1495 1258 1603 1326 Anno
1630 1252 1741 1328 1634.
1783 1257 1886 1330 Vitus
1909 1257 2123 1334 Theodorus
2149 1288 2192 1335 ex

154 1359 264 1430 tuisse
289 1370 409 1428 tantos
430 1356 573 1426 dolores
603 1357 789 1428 sustinere.
857 1355 1008 1427 Constat
1039 1357 1148 1448 igitur
1199 1356 1436 1449 Norimberga
1454 1353 1676 1429 horrendum
1692 1383 1813 1432 casum
1828 1362 1987 1456 scripsit,
2014 1367 2112 1460 quod
2126 1360 2191 1436 ho-

154 1462 336 1532 maximae
357 1459 576 1530 fortitudinis
601 1459 708 1530 fuisse
725 1459 893 1531 Mariam.
944 1458 1068 1530 Deleta
1096 1473 1149 1531 est
1200 1472 1300 1533 nesta
1318 1473 1490 1546 ¹matrona
1515 1485 1535 1527 a
1562 1457 1772 1532 scholastico
1799 1465 2045 1558 impraegnata
2072 1467 2192 1540 luerit.

154 1564 405 1657 Hierosolyma
431 1576 513 1655 post
529 1577 654 1635 natum
672 1559 855 1634 Christum
875 1562 944 1642 78;
978 1575 1063 1632 sunt
1084 1587 1148 1634 au·
1199 1563 1364 1634 Tandem
1382 1588 1462 1633 cum
1481 1563 1526 1631 ad
1548 1564 1764 1655 baptismum
1790 1566 1909 1638 inians
1930 1571 2068 1640 delatus
2089 1582 2192 1654 esset,

154 1681 226 1738 tem
243 1667 330 1737 anni
350 1668 395 1738 ab
411 1667 507 1737 exitu
522 1663 773 1758 populi-lsrael
790 1668 1009 1840 εκΑεΏο
1033 1688 1146 1760 usque
1200 1669 1367 1738 sacerdos
1382 1678 1522 1757 patrem
1538 1664 1628 1734 scire
1645 1665 1775 1746 voluit;
1803 1693 1881 1738 cum
1900 1694 1975 1740 non
1989 1672 2192 1742 indicarent

154 1772 201 1842 ad
224 1766 319 1840 hanc
346 1782 543 1842 extremam
567 1769 790 1839 eversionem
811 1767 899 1837 Hier
978 1791 1145 1861 ymorum
1199 1781 1361 1860 patrem,
1387 1791 1478 1859 puer
1493 1769 1641 1839 domum
1665 1768 1803 1841 delatus
1827 1783 1879 1841 est
1901 1772 1977 1841 sine
2000 1773 2191 1865 baptismo.

157 1869 269 1948 1682.
300 1872 377 1944 Nos
392 1872 464 1941 iarn
482 1896 504 1941 a
521 1884 683 1962 ternpore
696 1871 881 1942 restitutae
895 1870 1018 1942 salutis
1036 1865 1147 1942 1669.
1200 1870 1320 1940 Mater
1335 1872 1507 1940 infantem
1524 1870 1770 1955 moxoceidit,
1805 1885 1840 1940 et
1863 1873 1991 1944 deinde
2015 1899 2052 1946 se
2076 1874 2191 1968 ipsam

153 1976 307 2048 Restant
329 1975 436 2067 pauci
458 1974 546 2044 anni
568 1977 613 2043 ad
638 1975 688 2049 82
711 1998 865 2056 annum,
894 1973 954 2043 vix
978 1971 1049 2057 24,
1074 1995 1146 2067 quo
1199 1973 1403 2067 suspendit;
1428 1968 1658 2046 scholasticus
1672 1988 1774 2065 pater
1790 1972 1889 2044 illinc
1911 2001 1948 2047 se
1972 1977 2090 2068 ipsum
2108 1966 2193 2046 con·

155 2093 321 2172 tempore
347 2078 474 2170 procul
501 2077 609 2147 dubio
641 2078 822 2149 mirabiles
853 2077 1072 2149 mutationes
1101 2076 1148 2146 ad
1199 2077 1303 2148 fodit.
1339 2076 1528 2146 'Sacerdos
1547 2090 1738 2171 postquam
1754 2073 1824 2146 hoc
1839 2079 1996 2163 audivit,
2021 2103 2058 2149 se
2073 2079 2191 2172 ipsum

156 2182 337 2272 singulare
355 2180 491 2275 aliquid
514 2179 696 2265 evenient,
729 2194 791 2251 aut
815 2203 892 2248 non
913 2180 1022 2250 stabit
1043 2202 1148 2249 mun·
1200 2180 1397 2280 suspendit.
1430 2176 1661 2249 Horrendum
1677 2175 1774 2249 hunc
1788 2204 1907 2251 casum
1919 2178 2097 2253 Lutberus
2109 2205 2191 2251 cum

156 2287 234 2355 dus.
286 2283 423 2352 Multae
442 2286 537 2352 enim
554 2295 639 2354 sunt
653 2284 878 2354 coniecturae
895 2305 939 2351 ex
954 2283 1148 2354 collatione
1200 2282 1359 2374 singultu
1377 2281 1591 2374 deploravit.
1640 2280 1736 2374 Ergo
1759 2306 1901 2354 oremus
1927 2297 1963 2354 et
1986 2283 2193 2376 vigilemus;

156 2401 382 2479 temporum,
424 2410 579 2478 quorum
610 2399 705 2454 certa
734 2398 787 2455 est
817 2384 1014 2453 similitudo
1040 2407 1150 2477 quae·
1200 2384 1378 2455 Diabolus
1401 2406 1477 2452 non
1498 2381 1644 2453 dormit.
1695 2384 1821 2454 Monet
1844 2386 1951 2475 igitur
1972 2383 2061 2457 baec
2081 2382 2192 2458 histo-

156 2493 253 2561 dam.
304 2486 403 2557 Deus
419 2489 513 2558 adsit
527 2486 650 2566 nobis;
677 2488 739 2578 qui
764 2486 885 2554 vivent
908 2509 951 2554 eo
973 2498 1150 2576 tempore,
1201 2486 1276 2569 ria,
1303 2499 1343 2556 ut
1360 2485 1562 2556 sacerdotes
1579 2485 1735 2576 cogitent
1753 2511 1789 2557 se
1807 2510 1880 2558 esse
1895 2488 2091 2574 ministros,
2116 2511 2192 2559 non

156 2594 396 2684 experientur.
579 2637 584 2647 ·
1174 2579 1179 2674 l
1201 2587 1370 2657 dominos
1387 2599 1708 2658 sacramentorum.

227 2751 474 2830 CCXXXXVI.
513 2754 780 2825 Deincesto
809 2752 1074 2825 concubitu.
1174 2707 1178 2826 i
1265 2749 1543 2825 CCXXXXVlll.
1580 2750 1642 2821 De
1669 2753 2129 2827 Graecosacerdote.

260 2888 487 2986 Erphordiae
513 2891 631 2985 puella
657 2892 833 2984 quaedam
859 2914 901 2959 ex
924 2884 1074 2960 honesta
1098 2891 1150 2958 fa·
1304 2889 1477 2960 Sacerdos
1492 2890 1639 2985 quidam
1649 2889 1809 2962 Graecus
1824 2892 2104 2977 veuitRomam,
2129 2891 2194 2964 ubi

156 2996 255 3066 milia
291 3009 326 3066 et
352 2994 482 3086 pudica
515 2991 662 3064 servivit
696 2993 840 3061 mulieri
866 2992 972 3060 tliviti
1009 2990 1149 3061 viduae.
1202 3015 1283 3062 cum
1298 2986 1448 3062 honoris
1461 2991 1574 3086 gratia
1597 2993 1714 3087 ipsum
1738 2996 1962 3089 appellarent
1983 2996 2191 3066 dominum:

155 3099 243 3170 Eius
257 3098 350 3170 filius
364 3098 568 3167 adolescens
584 3105 708 3185 captus
721 3096 837 3164 forma
856 3107 891 3162 et
906 3117 1029 3162 amore
1047 3093 1150 3185 puel·
1200 3091 1377 3178 Domine,
1424 3094 1593 3180 domiue,
1634 3097 1812 3191 quaesivit
1843 3099 1941 3190 ipse,
1988 3122 2068 3168 cum
2103 3111 2194 3169 esset

156 3203 212 3272 lae
227 3200 432 3274 sollicitavit
447 3221 525 3269 eam
544 3200 589 3268 de
603 3197 807 3269 concubitu.
858 3194 1048 3289 lndignum
1064 3196 1149 3267 laci·
1201 3197 1347 3290 ignarus
1361 3196 1505 3290 linguae
1521 3198 1675 3285 latinae,
1701 3201 1788 3295 quid
1801 3200 2015 3291 significaret
2034 3199 2193 3272 domine.

156 3328 225 3376 nus
248 3306 462 3383 adversans,
487 3302 605 3393 puella
628 3325 647 3368 a
673 3324 710 3370 se
731 3300 863 3392 repulit
888 3300 1148 3370 adolescentem
1202 3298 1293 3370 Cum
1316 3299 1350 3368 ei
1374 3299 1553 3384 dicerent,
1586 3303 1684 3394 quod
1709 3304 1803 3372 idem
1826 3302 2062 3395 significaret,
2094 3305 2193 3396 quod

157 3408 353 3487 furiosum3
379 3405 534 3496 denique
550 3428 630 3473 curn
646 3404 807 3497 quotidie
830 3404 943 3494 magis
964 3403 1149 3496 magisque
1201 3401 1349 3472 Graecis
1363 3401 1486 3498 κύριε,
1510 3405 1712 3494 respondit:
1739 3401 1810 3477 οὐκ
1826 3402 1945 3476 ἐθέλω
1958 3404 2124 3488 domine,
2146 3398 2193 3499 οὐ

156 3511 325 3593 instaret,
365 3508 483 3598 puella
514 3507 568 3573 rei
596 3504 810 3594 indignitate
838 3516 873 3573 et
899 3529 963 3574 suo
987 3505 1148 3595 periculo
1199 3499 1276 3602 γὰρ
1293 3498 1363 3602 tyd
1380 3499 1547 3596 δόμεναι.
1599 3504 1657 3575 Sic
1672 3507 1788 3577 bonus
1809 3507 1869 3576 ille
1885 3503 2017 3591 homo,
2042 3531 2122 3577 curn
2141 3530 2193 3577 es·

157 3625 278 3693 mota,
303 3610 413 3679 matri
428 3605 661 3677 adolescentis
675 3628 751 3674 rem
768 3606 894 3676 ordine
909 3619 1045 3689 narrat,
1072 3632 1149 3676 mo·
1201 3618 1254 3676 set
1268 3628 1426 3699 pauper,
1453 3619 1635 3678 aversatus
1652 3622 1704 3679 est
1722 3634 1871 3700 magnos
1886 3610 2022 3681 titulos.

157 3727 312 3807 netque,
353 3723 393 3779 ut
422 3709 496 3777 filio
521 3709 588 3779 sibi
610 3707 758 3782 insidias
779 3709 930 3779 strueuti
953 3709 1072 3778 lrenos
1095 3709 1149 3778 in·
1674 3777 1683 3794 ,
1854 3781 1863 3795 ‚
1951 3779 1961 3796 ,

158 3816 268 3884 iiciat.
320 3811 457 3894 Mater,
485 3834 523 3880 re
539 3811 754 3895 deliberata,
776 3810 857 3880 iniit
872 3810 1049 3880 rationem
1065 3808 1176 3899 cumi
1276 3772 1532 3869 .CCXXXX1X·
1570 3775 1709 3868 ΜΨ
1736 3779 1922 3849 Gallum
1949 3802 2109 3870 'malim

157 3917 297 4010 puella,
323 3915 492 4008 iubetque
508 3937 586 3983 eam
603 3913 640 3981 in
662 3912 725 3982 filii
750 3937 909 3983 amorem
934 3912 1148 3997 consentire,
1171 3902 1175 3989 l
1304 3909 1484 3996 lnGallia,
1506 3917 1707 4005 prandente
1724 3914 2020 4008 regeFrancisco,
2044 3916 2191 4010 quidam

157 4032 195 4090 et
216 4031 348 4088 certam
374 4013 502 4086 horam
529 4016 663 4098 noctis,
701 4041 771 4111 qua
796 4015 987 4086 convenire
1012 4029 1047 4085 et
1070 4041 1147 4085 rem
1171 4003 1175 4103 l
1201 4027 1272 4083 tres
1306 4009 1426 4085 thecas
1463 4015 1501 4083 in
1534 4018 1727 4087 coenaculo
1761 4033 1978 4111 posuerunt,
2019 4032 2192 4113 tanquam

156 4123 328 4216 perficere
350 4119 566 4192 tutissimum
591 4119 792 4203 videretur,
834 4119 1068 4198 constituere;
1111 4143 1148 4188 se
1170 4116 1175 4277 Ι
1201 4114 1315 4185 acturi
1334 4116 1514 4201 fabulam,
1549 4133 1671 4210 postea
1695 4143 1819 4192 rursus
1840 4121 1968 4214 egressi
1987 4134 2090 4205 sunt,
2115 4135 2193 4191 tan-

157 4223 254 4295 enim
271 4248 313 4294 eo
329 4227 586 4317 ipsotempore
609 4220 709 4292 istius
730 4222 869 4314 puellae
891 4222 1020 4292 lectum
1045 4245 1149 4291 occu·
1201 4242 1309 4313 quam
1339 4243 1376 4288 se
1404 4219 1655 4312 praeparaturi
1686 4223 1730 4290 ad
1764 4225 1954 4294 actionem.
2028 4221 2192 4318 Cumque

157 4340 347 4420 paturam,
395 4322 532 4419 hacque
570 4326 712 4395 ratione
744 4325 857 4395 filium
891 4347 1148 4415 repressorem.
1171 4280 1175 4357 l
1198 4321 1306 4412 longa
1331 4344 1433 4389 mora
1456 4325 1728 4409 intercessisset,
1755 4350 1819 4394 nec
1841 4324 1892 4393 illi
1913 4325 2074 4395 redirent
2089 4323 2190 4418 (quia

158 4429 356 4502 Consilium
380 4430 511 4521 probat
532 4429 673 4520 puella,
712 4427 792 4497 iniit
819 4451 898 4498 eum
924 4428 1149 4498 adolescente
1201 4423 1321 4494 statim
1339 4425 1552 4516 aufugerant
1568 4439 1603 4495 et
1624 4425 1838 4497 abdiderant
1862 4428 1975 4521 sese),
2008 4425 2111 4496 iussit
2129 4448 2194 4494 rex

157 4544 317 4625 pactum.
368 4528 518 4602 lshora
541 4529 657 4599 noctis
679 4531 871 4601 constituta
901 4532 1000 4609 adest
1024 4542 1150 4620 petens
1202 4526 1342 4618 aperire
1359 4522 1498 4613 thecas,
1525 4529 1655 4622 quibus
1673 4531 1806 4624 apertis
1825 4529 1913 4599 vidit
1936 4530 1973 4597 in
1998 4528 2116 4620 prima
2137 4548 2193 4596 re·
2233 4535 2235 4540 '

158 4636 386 4707 concubitum
404 4635 557 4727 puellae.
609 4632 744 4717 Mater,
771 4655 862 4727 quae
881 4644 985 4700 antea
1010 4633 1149 4702 iurares
1202 4652 1281 4720 gem
1311 4632 1492 4700 sedentem
1523 4631 1618 4701 inter
1647 4641 1784 4717 scorta',
1818 4656 1860 4701 ac
1891 4632 2039 4725 largiter
2063 4628 2193 4701 biben-

106 4800 112 4815 ,
156 4738 223 4807 lilii
238 4740 382 4808 frenare
399 4751 434 4807 et
449 4731 615 4806 cohibere
638 4735 860 4818 instituerat,
886 4733 978 4803 victa
1001 4732 1150 4803 libidine
1202 4744 1293 4811 tem;
1333 4730 1372 4800 in
1404 4736 1514 4805 altera
1536 4734 1773 4827 flagellantem
1800 4730 1981 4807 Christum
2008 4731 2191 4826 alligatum

158 4853 195 4912 et
210 4842 381 4913 instinctu
394 4839 560 4923 Diaboli,
584 4864 688 4910 suum
704 4862 833 4930 corpus
850 4836 924 4906 lilio
948 4837 1149 4931 proposuit.
1174 4878 1176 4885 ·
1202 4836 1246 4904 ad
1269 4833 1493 4917 columnam
1537 4837 1576 4905 in
1605 4838 1709 4907 tertia
1742 4839 1962 4934 equitantem
1992 4860 2101 4930 super
2130 4858 2194 4928 po·

154 4941 325 5016 Nascitur
342 4968 385 5013 ex
398 4944 534 5013 incesto
557 4941 748 5031 concubitu
765 4940 928 5025 femella,
952 4964 1067 5037 *quam
1092 4963 1150 5010 ex·
1201 4937 1340 5029 pulum.
1397 4935 1448 5009 lta
1472 4941 1710 5034 significatum
1734 4954 1805 5024 est,
1838 4942 1957 5035 primo
1976 4938 2109 5033 negligi
2131 4962 2194 5030 gu·

156 5046 314 5136 positam
333 5060 368 5116 et
385 5045 515 5115 abalio
532 5018 717 5114 edueal'am
737 5056 852 5113 mater
873 5044 1018 5113 tandem
1042 5045 1089 5113 ad
1112 5066 1149 5115 se
1200 5040 1450 5112 bernationem
1474 5043 1610 5135 regiam
1636 5069 1655 5112 a
1674 5068 1756 5136 rege
1783 5041 1959 5134 otioso”)
1976 5054 2011 5110 et
2029 5041 2194 5133 volupta-

133 5145 299 5237 ¹recipit.
351 5146 447 5219 ldem
465 5146 558 5219 filius
573 5145 735 5216 omnium
752 5140 882 5217 harum
907 5168 1028 5215 rerum
1051 5146 1149 5238 igna·
1201 5143 1297 5214 tibus
1325 5145 1458 5217 dedito.
1525 5145 1666 5216 Deinde
1690 5147 1837 5218 saevitia
1869 5159 1905 5215 et
1934 5141 2125 5214 crudelitas
2155 5141 2195 5210 in

156 5273 242 5332 rus,
276 5245 381 5324 ¹hanc
410 5275 531 5322 amare
560 5248 684 5341 incipit
713 5248 881 5342 ducitque
915 5247 954 5315 in
988 5273 1149 5319 uxorem.
1201 5246 1281 5338 pios
1314 5259 1436 5318 notata
1472 5262 1535 5320 est.
1608 5248 1733 5320 Tertio
1768 5247 2021 5341 expilationes,
2065 5246 2195 5341 quibus

156 5351 279 5423 Mater
293 5353 400 5422 dubia
419 5367 454 5423 et
470 5353 508 5421 in
524 5376 639 5444 agone
653 5350 782 5421 mortis
797 5350 951 5421 sentiens
969 5351 1150 5421 conscien-
1202 5348 1335 5419 subditi
1360 5345 1622 5421 exhauriuntur
1637 5365 1671 5422 et
1694 5340 1796 5446 quasi
1815 5351 2090 5432 conculcantur,
2113 5357 2195 5418 sunt

158 5456 232 5525 tiae
256 5478 439 5539 morsum,
463 5468 606 5546 peccata
631 5456 831 5525 confitetur.
882 5452 954 5525 Res
971 5456 1017 5524 ad
1040 5454 1150 5523 collo-
1202 5465 1376 5523 ostensae.
1459 5487 1463 5491 ·

158 5561 285 5653 quium
301 5555 551 5650 theologorum
572 5558 741 5629 defertur.
793 5555 883 5626 Cum
905 5558 968 5628 din
989 5559 1150 5648 disputa·

157 5675 277 5746 retur,
304 5676 343 5734 ut
364 5663 401 5730 in
423 5685 505 5731 casu
522 5660 711 5743 inusitato,
736 5661 882 5730 tandem
903 5661 974 5729 lata
999 5671 1050 5732 est
1069 5682 1149 5735 sen-
1237 5678 1290 5761 es)
1308 5691 1414 5753 sum]
1433 5690 1517 5746 οη,
1538 5691 1634 5745 saetas
