5125 6525
262 454 338 530 ιιι
885 455 1011 554 run..
1037 456 1151 529 uun.
1179 448 1384 529 senum
1409 450 1679 527 nrsromcn
1760 503 1762 508 -
2010 419 2013 428 ’
2228 455 2309 530 rso

261 641 303 699 ut
338 633 451 718 magis
479 631 663 699 muniatur
690 630 902 715 concordia,
947 629 1034 699 duxi
1060 629 1164 700 initio
1192 653 1256 697 vos
1310 627 1444 696 honam
1478 624 1614 717 Belgici
1640 638 1780 717 partem
1807 633 1842 694 et
1867 625 2055 719 Sequanos
2081 625 2308 701 invaserunt.

263 726 505 804 cohortandos
530 757 624 815 esse,
655 745 715 815 ut,
745 733 957 827 priusquam
984 733 1022 800 in
1044 730 1256 823 suffragium
1309 727 1474 822 Denique
1489 728 1611 799 multis
1627 730 1761 821 ubique
1778 729 1966 820 praesidiis
1986 740 2093 822 atque
2111 752 2308 801 ornamen-

262 831 356 917 itur,
390 837 484 906 inter
506 859 572 905 nos
595 859 633 904 re
651 835 852 927 disputata,
877 838 1003 905 demus
1019 860 1190 927 operam,
1216 846 1257 903 ut
1310 832 1354 901 tis
1377 831 1537 913 amissis,
1562 844 1687 922 postea
1711 856 1778 900 nec
1802 832 1950 902 caeteris
1968 830 2178 905 nationibus
2195 858 2306 927 opem

263 935 427 1009 omnium
444 938 614 1030 suffragia
635 939 869 1009 consentiant.
921 938 1037 1008 Multa
1055 939 1095 1007 in
1111 933 1256 1008 hacna·
1308 936 1401 1003 ferre
1419 933 1603 1027 potuimus
1617 947 1798 1016 utantea,
1826 960 1891 1004 nec
1907 934 2064 1025 Regibus
2080 935 2161 1007 aliis
2178 937 2306 1007 formi-

263 1037 361 1112 tione
382 1041 475 1113 bella
501 1042 641 1123 civilia,
674 1040 779 1132 plena
804 1042 1044 1124 crudelitatis,
1078 1054 1113 1111 et
1135 1039 1258 1132 perni·
1309 1036 1612 1119 dabilesfuimus‚
1638 1050 1679 1108 ut
1695 1038 1794 1107 olim.

263 1139 356 1217 ciosa
383 1144 450 1215 toti
472 1145 552 1214 orbi
575 1157 772 1227 terrarum,
798 1156 833 1212 et
848 1157 1042 1239 antequam
1065 1143 1255 1213 concilium
1410 1137 1535 1210 Potest
1557 1154 1592 1208 et
1612 1139 1695 1210 inde
1718 1141 1919 1231 aestimari,
1946 1164 2055 1234 quam
2071 1142 2252 1213 funestum
2268 1155 2307 1213 et

260 1242 467 1321 Electomm
483 1247 713 1317 constitutum
731 1258 782 1317 est
797 1259 832 1315 et
845 1261 990 1340 postea
1014 1260 1165 1339 propter
1179 1270 1257 1317 suc
1308 1242 1510 1313 luctuosum
1527 1244 1659 1313 bellum
1682 1243 1818 1334 patriae
1834 1244 1963 1328 fuerit,
1989 1244 2117 1338 quod
2105 1268 2145 1312 ιιι
2163 1269 2204 1316 eo
2225 1268 2307 1314 non

137 1383 140 1387 ·
263 1354 458 1425 cessionem
486 1363 548 1421 aut
569 1350 822 1441 suffragiorum
843 1345 1190 1432 dissimilitudinem,
1216 1350 1256 1415 in
1307 1345 1424 1414 solum
1461 1346 1565 1415 multi
1604 1347 1748 1437 profani
1782 1347 1962 1439 principes
1996 1346 2172 1416 interfecti
2205 1360 2307 1433 sunt,

263 1449 436 1526 electione
453 1464 673 1523 exarserunt.
1308 1443 1523 1539 Rodolphus
1539 1447 1808 1533 DuxSueviae,
1833 1449 1921 1520 Otto
1937 1449 2020 1520 Dux
2033 1449 2234 1533 saxoniae,
2268 1463 2307 1521 et

364 1555 551 1629 Ludovico
585 1557 647 1647 pio
680 1555 773 1625 filius
801 1553 997 1626 Lotharius
1030 1568 1177 1626 conatus
1205 1565 1257 1623 est
1309 1547 1672 1621 GerardusLotharii
1682 1564 1811 1645 pater,
1841 1552 2017 1644 Egbertus
2032 1547 2198 1622 Marchio
2214 1552 2305 1624 Mis-

259 1687 411 1753 regnum
435 1641 586 1749 eripere.
646 1656 761 1748 Capto
784 1672 886 1750 patre
911 1672 1035 1750 postea
1061 1654 1258 1728 Lotharius
1308 1653 1446 1733 nensis;
1473 1656 1536 1724 sed
1551 1655 1659 1726 etiam
1677 1656 1944 1728 trucidatisunt
1963 1656 2104 1750 aliquot
2119 1655 2305 1752 Episcopi,¹

262 1762 423 1837 conflixit
453 1786 535 1830 cum
565 1760 737 1831 fratribus
762 1773 835 1830 tam
859 1762 1048 1844 atrociter,
1088 1775 1129 1830 ut
1152 1761 1190 1828 in
1213 1783 1255 1830 eo
1309 1779 1400 1849 quos
1418 1756 1544 1848 religio
1562 1761 1733 1829 adversus
1746 1760 1951 1829 bellorum
1940 1759 2091 1829 miurias
2110 1760 2304 1829 defendere

260 1865 399 1963 praelio
421 1862 646 1932 Francorum
672 1862 765 1934 vires
795 1867 885 1934 adeo
913 1865 1064 1934 afflictae
1091 1864 1183 1947 sint,
1216 1874 1257 1932 ut
1309 1858 1473 1929 debebat.
1524 1859 1615 1929 Sunt
1642 1862 1737 1930 enim
1760 1862 1867 1932 occisi
1857 1861 2059 1955 Episcopi
2086 1862 2305 1954 Magdehur·

261 1982 386 2065 postea
408 1969 515 2037 decus
529 1963 677 2056 Imperii
693 1966 785 2035 tueri
804 1992 879 2037 non
896 1967 1093 2058 potuerint.
1146 1966 1257 2035 Saxo·
1308 1961 1425 2053 gensis
1452 1975 1487 2030 et
1509 1962 1782 2035 vormatiensis.
1844 1965 1901 2035 Ad
1924 1963 2013 2035 haec
2035 1965 2131 2034 mala
2156 1965 2305 2037 accessit

261 2098 325 2144 nes
348 2070 479 2141 deinde
500 2093 623 2138 rerum
646 2068 753 2159 potiti
775 2086 877 2154 sunt,
908 2095 1000 2164 quos
1023 2080 1258 2140 exercuerunt
1309 2077 1345 2134 et
1357 2066 1583 2156 perturbatio
1595 2067 1831 2158 religionum
1857 2083 1893 2138 et
1914 2066 2091 2140 schisma.
2131 2068 2305 2140 Secutum

262 2174 481 2267 asperrimae
517 2172 722 2243 seditiones.
785 2174 966 2245 Adversus
999 2173 1193 2244 {lenticum
1227 2168 1257 2242 l.
1310 2181 1362 2238 est
1376 2168 1475 2237 aliud
1490 2169 1645 2254 bellum,
1671 2183 1792 2240 ortum
1812 2196 1854 2241 ex
1869 2171 2158 2244 dassimilitudme
2175 2171 2305 2243 suffra·

262 2282 337 2352 dux
352 2275 531 2346 Bavariae
548 2274 731 2346 Arnoldus
754 2276 889 2347 bellum
913 2278 1048 2361 movit,
1084 2279 1182 2370 quod
1204 2288 1257 2345 ta·
1309 2269 1451 2361 giorum
1476 2270 1516 2339 in
1543 2272 1737 2357 electione,
1778 2275 1873 2344 inter
1898 2275 2105 2345 Conradum
2130 2274 2305 2359 Suevum,

261 2405 347 2452 men
369 2377 618 2449 moderatione
633 2374 782 2447 Henrici
806 2380 877 2449 cito
895 2381 1060 2450 sedatum
1079 2393 1143 2451 est.
1195 2377 1257 2448 Se·
1309 2385 1345 2441 et
1358 2370 1573 2444 lotharium
1591 2375 1788 2462 Saxonem,
1814 2380 1932 2472 quod,
1957 2391 2149 2473 postquam
2168 2378 2304 2448 multae

263 2507 377 2579 quens
394 2482 548 2564 bellum,
582 2482 681 2574 quod
698 2478 942 2574 Lotharingus
955 2483 1070 2553 movit
1086 2484 1257 2552 adversus
1309 2478 1415 2547 urbes
1436 2478 1482 2556 in,
1498 2477 1652 2569 imperio
1672 2481 1708 2548 vi
1731 2494 1857 2572 raptae
1879 2494 1982 2565 sunt,
2011 2482 2203 2551 autoritate
2225 2481 2304 2550 divi

262 2581 465 2666 Othonem,
504 2596 546 2653 ut
566 2581 741 2653 Francico
773 2586 915 2655 nomini
936 2586 1129 2679 imperium
1155 2584 1258 2655 resti·
1308 2575 1513 2649 Bernhardi
1534 2584 1696 2652 sedatum
1719 2596 1782 2653 est.
1834 2584 1976 2660 Exarsit
1991 2585 2105 2655 multo
2124 2583 2308 2655 crudelius

261 2702 399 2772 tueret,
425 2709 540 2756 annos
556 2686 701 2756 duravit
714 2712 793 2769 sem
827 2701 950 2782 estque
968 2688 1165 2760 Germania
1183 2689 1257 2757 foe·
1307 2682 1440 2752 bellum
1466 2683 1561 2753 inter
1585 2682 1794 2777 Philippum
1820 2701 1856 2758 et
1878 2687 2051 2758 Ottonem
2073 2684 2134 2761 lV.
2153 2700 2305 2780 propter

262 2793 307 2862 de
331 2790 407 2881 igni
429 2813 470 2857 ac
493 2791 589 2860 ferro
614 2802 772 2878 yastata,
799 2791 915 2861 donec
936 2794 984 2861 ad
1001 2805 1200 2862 extremum
1217 2790 1257 2858 in
1308 2782 1514 2856 Electorum
1542 2788 1771 2860 discordiam.
1837 2791 1987 2885 Aliquot
2017 2791 2162 2882 praeliis
2189 2790 2304 2861 victus

264 2894 339 2965 acie
355 2892 561 2964 interfectus
575 2889 819 2985 [lotharingus
834 2895 1053 2986 pertinaciae
1068 2917 1153 2965 suae
1169 2917 1257 2986 poe·
1309 2886 1397 2958 Otto
1430 2889 1521 2980 fugit
1552 2916 1596 2960 ex
1627 2892 1822 2962 Germania
1858 2894 1898 2962 in
1930 2894 2110 2985 Angliam.
2171 2893 2305 2970 Postea

262 3021 329 3070 nas
345 2995 456 3066 dedit.
1309 2991 1720 3065 adversusFridericum
1741 2993 1785 3067 ll.
1814 3022 1834 3068 a
1860 2997 2075 3090 quibusdam
2099 2997 2230 3067 electus
2252 3008 2306 3067 est

367 3095 572 3169 Ottonisll.
593 3111 775 3192 tempore,
801 3099 897 3170 Galli
913 3099 1024 3169 armis
1039 3098 1258 3169 conatisunt
1309 3093 1485 3166 Henricus
1507 3094 1756 3189 landgravius
1781 3095 2026 3191 Thuringiae,
2060 3099 2182 3194 quiin
2207 3099 2306 3169 obsi-

263 3204 309 3273 ad
330 3227 368 3274 se
389 3203 581 3275 transferre
607 3202 812 3296 imperium.
879 3200 1008 3273 Ottoni
1028 3198 1087 3274 Ill.
1118 3201 1256 3293 eripere
1309 3198 1416 3268 dione
1432 3197 1562 3269 Ulmae
1587 3224 1629 3269 ex
1652 3203 1798 3272 vulnere
1821 3204 1940 3295 periit.
1990 3204 2156 3274 Secutum
2174 3213 2227 3272 est
2245 3200 2306 3271 in-

263 3306 384 3379 conati
404 3319 487 3377 sunt
508 3307 701 3399 imperium
721 3305 896 3377 Henrirus
910 3305 1092 3389 Bavarus,
1120 3317 1157 3375 et
1177 3304 1257 3399 qui·¹
1309 3312 1536 3392 terregnum,
1561 3308 1660 3397 quod
1675 3307 1820 3376 duravit
1837 3332 1951 3378 annos
1964 3308 2074 3377 ferme
2088 3304 2304 3391 octodecim,

263 3412 348 3481 dam
362 3408 503 3480 Rornae
520 3410 753 3481 Crescentius.
806 3408 904 3481 Haec
928 3409 1124 3479 certamina
1142 3422 1183 3478 ut
1198 3432 1256 3478 ca·
1309 3403 1348 3472 in
1375 3430 1448 3499 quo
1472 3409 1641 3478 nonnulli
1660 3408 1842 3481 Electores
1867 3411 2130 3482 accersiverunt
2148 3408 2189 3477 in
2212 3408 2304 3479 Ger·

264 3525 363 3583 veret
386 3515 432 3582 ad
451 3513 696 3606 posteritatem
716 3510 804 3582 Otto
824 3509 903 3593 Ill„
937 3512 1147 3603 gravissimo
1172 3536 1256 3582 con·
1308 3509 1469 3578 maniam
1486 3511 1561 3579 ad
1550 3513 1741 3602 rmperium
1758 3509 2010 3598 Richardum,
2029 3514 2179 3582 fratrem
2193 3511 2303 3602 Regis

262 3616 343 3688 silio
358 3628 394 3685 et
409 3616 667 3706 comprobante
680 3614 1046 3699 RomanoPontrfice
1066 3615 1255 3706 collegium
1307 3610 1531 3683 Britanniae.
1586 3612 1728 3686 Interea
1757 3640 1838 3687 eum
1861 3618 1938 3686 sine
1960 3640 2044 3708 rege
2069 3629 2160 3688 esset
2179 3638 2302 3707 respu-

262 3716 496 3788 Electorum
487 3718 652 3800 mstitnit,
673 3718 773 3788 cuius
789 3718 928 3809 collegii
943 3719 1117 3811 sapientia
1136 3731 1172 3788 et
1187 3720 1255 3787 fide
1307 3698 1421 3797 blica,
1461 3740 1537 3785 uon
1563 3718 1680 3788 solum
1705 3720 1948 3790 defecerunt
1937 3744 1976 3789 ιιι
2000 3719 2104 3789 ltalia
2129 3718 2301 3800 civitates,

263 3820 339 3888 iam
372 3842 486 3889 annos
516 3818 730 3913 quingentos
761 3821 905 3914 imperii
927 3822 1102 3914 possessio
1126 3823 1163 3890 in
1188 3817 1256 3889 hac
1308 3817 1500 3887 sedetiam
1525 3819 1565 3887 in
1581 3833 1827 3914 contemptum
1843 3824 1943 3893 venit
1958 3825 2057 3914 apud
2073 3846 2199 3893 omnes
2212 3819 2301 3891 Ger

243 3921 412 3991 -natione
435 3922 620 3994 retinetur.
672 3923 781 4016 Quod
802 3948 879 3994 non
903 3926 1013 3994 modo
1038 3925 1255 3996 Germanico
1308 3919 1450 3990 manica
1465 3923 1579 3993 natio.

264 4023 407 4094 nomini
434 4025 630 4117 gloriosum
662 4039 732 4108 est;
772 4030 834 4097 sed
866 4028 974 4098 etiam
998 4029 1065 4097 toti
1086 4027 1256 4120 Europae
1410 4023 1608 4118 Aliquanto
1629 4039 1712 4117 post
1734 4027 1907 4098 dissensio
1930 4027 1969 4096 in
1992 4027 2165 4097 electione
2179 4024 2303 4095 Ludo·

264 4126 388 4199 multis
409 4128 527 4199 modis
548 4128 704 4200 salutare
725 4130 805 4200 fuit.
869 4131 982 4225 Saepe
1013 4130 1109 4201 enim
1141 4129 1257 4202 nostri
1309 4124 1379 4194 vici
1393 4125 1547 4212 Bavari,
1573 4141 1609 4199 et
1622 4127 1797 4199 friderici
1810 4129 2003 4216 Austriaci,
2027 4130 2159 4200 bellum
2173 4127 2300 4217 ingens

177 4299 182 4306 .
262 4227 502 4321 Imperatores
536 4257 578 4303 ex
609 4230 713 4303 Italia
746 4234 919 4304 barbaros
953 4234 1188 4326 depulerunt,
1221 4245 1257 4302 et
1310 4228 1497 4315 excitavit,
1524 4256 1681 4325 quorum
1704 4233 1793 4302 alter
1811 4227 2011 4316 Bohemos,
2044 4234 2134 4302 alter
2152 4229 2301 4320 nunga-

263 4334 484 4428 perniciosas
512 4336 730 4407 mutationes
753 4359 882 4427 magna
907 4337 1038 4407 virtute
1061 4334 1256 4430 prohibue-
1309 4331 1384 4400 rica
1406 4333 1539 4403 auxilia
1561 4334 1601 4404 in
1622 4335 1856 4405 Germaniam
1880 4335 2041 4407 adduxit.
2103 4333 2156 4404 lta
2182 4333 2304 4405 utrin-

262 4451 360 4510 runt.
418 4438 489 4509 Sed
512 4451 634 4509 tamen
657 4438 848 4533 aliquoties
872 4439 1055 4509 contentio
1078 4442 1122 4508 de
1145 4463 1255 4532 regno
1310 4441 1380 4528 que
1406 4460 1427 4504 a
1450 4438 1616 4509 barbaris
1638 4439 1835 4509 Germania
1861 4438 2053 4510 crudeliter
2076 4451 2216 4509 vastata
2239 4449 2303 4508 est.

263 4540 472 4631 gravissime
490 4540 615 4609 afflixit
631 4540 865 4611 Germaniam
883 4556 990 4636 atque
1005 4539 1159 4613 ltaliam.
1309 4536 1448 4609 Deinde
1481 4542 1652 4612 adversus
1684 4539 1908 4613 Ludovicum
1942 4544 2073 4613 electus
2106 4555 2160 4613 est
2191 4539 2303 4610 Garo-

366 4642 547 4712 Adversus
577 4641 773 4713 Henricum
794 4642 875 4728 IV„
912 4646 1030 4714 virum
1060 4647 1189 4715 fortem
1223 4657 1258 4714 et
1308 4642 1364 4712 lus
1386 4638 1696 4735 Lucelburgensis.
1753 4645 1879 4740 Neque
1909 4641 1997 4716 haec
2026 4644 2152 4715 electio
2176 4639 2304 4716 hahuit

263 4742 480 4835 impigrum,
518 4744 624 4815 multi
654 4746 833 4841 principes
863 4748 902 4815 in
924 4747 1120 4817 Germania
1149 4760 1256 4843 atque
1310 4745 1472 4815 omnium
1495 4746 1685 4838 suffragia,
1711 4759 1747 4816 et
1770 4749 1892 4819 statim
1914 4747 2081 4820 nonnulli
2101 4773 2144 4818 ex
2162 4745 2304 4817 Electo-

264 4844 366 4917 ltalia
383 4844 654 4945 conspirarunt,
678 4850 741 4944 qui
755 4845 951 4941 Rodolpho
966 4849 1060 4922 Duri
1072 4851 1256 4922 Saxonum
1309 4847 1408 4919 ribus
1441 4849 1690 4941 expetiverunt
1723 4848 1935 4922 Eduardum
1969 4850 2120 4943 Angliae
2152 4849 2304 4943 Regem,

265 4961 302 5020 et
316 4947 532 5035 Suevorur'n,
557 4950 761 5024 tribuerunt
776 4978 913 5023 nomen
927 4950 1093 5045 Regium.
1129 4952 1173 5025 ln
1187 4949 1257 5025 hoc
1310 4951 1372 5021 alii
1401 4950 1531 5022 deinde
1556 4950 1734 5023 Comitem
1757 4953 2117 5048 Suarceburgensem.
2177 4952 2304 5024 Toties

162 5055 171 5071 ⁸
263 5051 359 5122 hello
390 5077 471 5123 cum
498 5069 615 5126 essent
634 5057 727 5126 duae
748 5056 963 5128 fortissimae
983 5058 1149 5131 nationes
1172 5083 1258 5128 con·
1309 5054 1513 5126 inciderunt
1537 5055 1732 5129 certamina
1758 5059 1797 5127 in
1819 5048 1889 5137 hac.
1912 5059 2059 5129 natione
2093 5058 2138 5129 de
2167 5079 2303 5128 stlte*

263 5155 427 5241 iunctae,
458 5156 633 5243 Saxonica
664 5172 700 5229 et
719 5158 891 5245 Suevica,
923 5185 989 5232 nec
1017 5175 1138 5254 posset
1159 5161 1263 5232 tter·
1309 5157 1429 5243 sione,
1462 5159 1592 5254 quihus
1615 5172 1651 5229 et
1672 5161 1773 5230 domi
1795 5162 1964 5232 maiestas
1986 5160 2130 5255 imperii
2145 5159 2304 5253 graviter

264 5257 360 5331 ricus
390 5260 467 5331 sine
502 5261 687 5334 acerrimis
720 5262 1012 5336 dimicationibus
1045 5266 1256 5358 dignitatem
1309 5285 1480 5334 concussa
1496 5275 1560 5346 est,
1578 5275 1614 5332 et
1628 5263 1764 5334 interea
1780 5265 1869 5337 foris
1884 5264 2047 5355 neglecta
2062 5259 2302 5357 est-respubli-

263 5387 366 5436 suam
387 5388 636 5458 propugnare:
670 5366 720 5434 ita
745 5368 791 5437 ab
807 5367 970 5462 utrisque
991 5367 1182 5438 dilacerata
1204 5380 1257 5438 est
1309 5389 1362 5437 ca.
1388 5364 1485 5436 Dum
1502 5367 1598 5435 enim
1615 5368 1779 5460 occupati
1793 5392 1916 5439 sumus
1932 5367 2096 5438 civilibus
2112 5367 2227 5450 hellis,
2240 5375 2302 5434 snt

263 5465 401 5558 patria,
426 5476 614 5562 nunquam
631 5480 671 5537 ut
688 5481 812 5560 postea
828 5470 1018 5561 pristinam
1032 5471 1256 5543 maiestatem
1308 5468 1413 5538 fracti
1433 5468 1638 5541 domesticis
1660 5469 1855 5556 cladibus,
1877 5494 1954 5540 non
1981 5471 2168 5565 potuimus
2188 5466 2302 5561 repri-

263 5570 531 5661 recuperaverit
544 5570 737 5661 imperium
752 5585 930 5644 nostrum.
968 5571 1082 5645 .·Dum
1095 5574 1192 5646 eninr
1208 5574 1257 5645 ci·
1308 5584 1407 5641 m'ere
1434 5570 1591 5657 Turcas,
1631 5597 1788 5669 quorum
1820 5574 2003 5667 potentia,
2036 5575 2183 5646 nemine
2209 5568 2303 5643 ohsi-

264 5668 396 5743 vilihus
424 5672 528 5743 bellis
558 5673 661 5743 domi
687 5673 955 5761 conflictamur,
997 5675 1133 5755 interea
1159 5676 1256 5751 Galli
1308 5686 1442 5763 stente,
1467 5688 1644 5772 quantum
1668 5678 1839 5763 creverit,
1864 5677 2002 5751 ridet'n.
