5125 6525
919 437 1042 516 xcvr
1099 407 1429 516 emmaum
1460 434 1653 513 sarua
1726 483 1728 488 ,

660 611 866 684 Pluraliter.

474 728 564 803 haec
582 732 703 804 mella.
884 825 889 836 Ι

369 834 571 919 Genitivus,
597 836 740 907 dativus
755 849 791 905 ct
807 835 984 908 ablativus
998 835 1259 906 desiderantur.

369 935 435 1008 Fel
463 962 611 1031 prorsus
646 951 743 1009 caret
772 939 972 1031 pluralibus
1001 938 1168 1010 omnibns
1201 960 1259 1007 ca-

263 1039 424 1214 dmee
445 1107 754 1248 peregrrnsshihrl
777 1143 905 1214 attinet
920 1143 1147 1237 praecipere,
1172 1166 1257 1214 usus

261 1241 370 1332 feeit,
472 1245 670 1319 Daniel
756 1244 929 1320 Danielis.

697 1377 801 1449 OL.

766 1493 873 1571 huius
894 1498 999 1572 Solis.

471 1751 529 1824 hic
555 1754 691 1825 Consul
723 1632 875 1825 UIhlrius
898 1753 1076 1826 Consulis.

709 1888 794 1961 ΑΜ.

249 2055 257 2064 -
368 2010 553 2106 Nequam,
579 2010 730 2085 ἄκλιτον
753 2023 817 2082 est.

716 2146 801 2217 EM.

367 2263 617 2350 Tantundem,
650 2267 734 2335 inde
759 2266 936 2357 genitivus
960 2278 1013 2337 cst
1031 2266 1148 2348 solus,
1174 2276 1254 2333 tau·

263 2368 387 2439 tidem.

367 2469 559 2552 Totidem,
585 2469 724 2561 plurale
746 2466 898 2541 ἄκλιτον
920 2480 983 2538 est.

716 2619 794 2690 AN.

366 2740 502 2812 Graeca
519 2753 603 2811 sunt
618 2738 760 2822 omnia,
783 2738 813 2810 is
827 2737 1053 2808 nominativo
1067 2736 1253 2809 adiiciunt.

469 2839 528 2912 hic
549 2842 671 2911 Paean

468 2939 575 3015 huius
594 2943 747 3013 Paeanis

468 3041 552 3116 huic
573 3043 767 3138 PaeaniW)
791 3056 858 3113 etc.

716 3195 795 3270 EN.

365 3316 398 3390 ls
413 3299 606 3401 adiiciunt,
632 3327 669 3384 et
683 3317 843 3384 vocalem
861 3339 881 3384 e
900 3314 939 3384 iu
954 3312 967 3382 i
981 3327 1134 3390 mutant

633 3434 882 3527 singulariter.

468 3554 509 3612 ut
570 3536 641 3612 hoc
660 3561 796 3608 numen

571 3640 680 3715 huius
699 3637 859 3710 numinis

571 3742 656 3816 huie
675 3742 818 3814 numini

570 3845 642 3918 hoc
666 3869 803 3914 numen

437 3950 447 3963 ⁴
574 3975 596 4020 o
619 3945 811 4040 numenffl)

574 4046 710 4122 abhoc
731 4049 892 4119 numine.

472 1495 530 1569 hic
552 1498 615 1570 Sol

653 4168 860 4240 Pluraliter.

571 4270 661 4344 haec
682 4271 833 4342 numina
856 4283 923 4342 etc.

655 4390 687 4460 E
709 4389 868 4460 retinent

312 4488 320 4503 ’
469 4496 550 4567 ch
705 4493 802 4563 renis
905 4516 924 4563 e
947 4493 1095 4586 longum
1118 4505 1204 4566 est.

469 4601 579 4692 Spleu
706 4596 839 4687 splenis

468 4700 560 4772 Lien
700 4698 807 4769 lienis

363 4806 411 4878 Et
426 4807 563 4878 Graeca
579 4801 694 4896 Syren
710 4799 850 4895 syrenis

469 4906 612 5002 Hymen
713 4900 892 4998 hymenis.

723 5053 785 5130 IN·
928 5048 932 5057 .

367 5180 400 5254 ls
414 5181 629 5275 adponitur
655 5190 809 5270 suntque
824 5174 1013 5267 peregrina
1032 5173 1167 5246 omnia.

469 5279 626 5376 Delphin
833 5272 1025 5371 delphinis.

258 5444 465 5459 -n———n-

295 5536 347 5606 Ι)
362 5540 419 5601 η,
431 5550 456 5595 s,
472 5547 498 5588 a.
514 5535 593 5587 addlt
609 5534 793 5598 manum:
816 5528 1016 5601 buncfmn

296 5642 347 5711 ss)
364 5644 415 5696 uto
431 5643 502 5697 voe
518 5644 554 5695 aa
570 5639 655 5693 utet
673 5638 766 5705 tres,
784 5636 968 5691 aarum

257 5720 778 5795 nmmonsvmxrc
863 5808 869 5818 ἢ

2229 387 2310 522 m

1412 731 1505 801 Sunt
1518 742 1554 799 et
1567 724 1657 798 haec
1672 727 1884 820 peregrina,
1910 727 1941 798 is
1956 728 2131 801 adiiciunt
2142 732 2303 823 genitivi,
2369 767 2374 775 =

1309 845 1346 903 et
1363 857 1386 902 o
1405 833 1552 926 longum
1568 829 1674 902 estin
1696 830 1908 921 primitivis,
1934 845 1974 901 ut
1990 831 2167 920 Simonis,
2194 836 2302 907 breve

1309 935 1420 1005 lere
1409 960 1447 1005 m
1469 933 1696 1015 derivativis,
1735 946 1778 1003 ut
1799 957 1917 1004 canon
1939 936 2106 1020 canonis,
2147 940 2304 1009 daemon

1309 1039 1508 1109 daemonis.
1585 1034 1735 1106 Orionis
1751 1034 1799 1131 ⁸)
1830 1036 1919 1109 alias
1945 1039 2167 1129 corripiunt,
2213 1041 2302 1115 alias

1308 1142 1526 1234 producunt.
1578 1139 1670 1210 Sunt
1692 1159 1785 1232 quae
1808 1138 1854 1210 tis
1877 1139 1915 1210 in
1933 1139 2100 1230 genitivis
2116 1142 2302 1230 adiiciunt,

1309 1255 1349 1314 ut
1373 1238 1576 1335 Xenophon
1601 1234 1863 1332 Xenophontis.
1915 1242 1985 1313 Sed
2008 1244 2053 1314 de
2071 1239 2129 1315 his
2151 1247 2301 1340 diligen-

1308 1343 1381 1416 tius
1398 1345 1626 1438 praecipiunt
1641 1343 1783 1415 Graeci.

1762 1477 1842 1548 AR.

1410 1596 1632 1670 lsadiiciunt
1652 1596 1821 1688 genitivi,
1849 1610 1888 1667 ut
1911 1600 2070 1670 torcular
2096 1603 2298 1676 torcularis.

1306 1697 1454 1791 Longae
1478 1716 1563 1772 sunt
1586 1700 1807 1794 penultimae
1828 1698 1867 1769 in
1891 1702 2028 1773 neutris
2055 1705 2298 1778 substantivis.

1306 1801 1459 1897 Reliqua
1475 1804 1596 1874 brevia
1613 1816 1718 1886 sunt,
1747 1816 1788 1873 ut
1806 1803 1860 1871 lar
1876 1802 1974 1875 laris.
2033 1802 2098 1875 Est
2117 1817 2154 1876 ct
2175 1820 2298 1877 nectar

1306 1906 1427 1976 breve.
1478 1905 1550 1976 Far
1564 1906 1671 1977 larris
1685 1906 1838 1987 format,
1864 1902 1963 1996 Epar
1979 1907 2092 1998 epatis
2100 1906 2161 2004 ⁸)

1759 2036 1837 2107 ER.

1409 2154 1442 2232 ls
1458 2159 1632 2230 adiiciunt
1646 2159 1685 2227 in
1700 2157 1886 2248 genitivis,
1912 2173 1953 2229 ut

1459 2263 1576 2353 Agger
1602 2262 1760 2352 aggeris,
1851 2259 1983 2332 Carcer
2009 2262 2173 2335 carceris.

1720 2377 1870 2468 Excipe:

1408 2495 1592 2565 Adiectiva
1609 2495 1742 2580 incer,
1768 2494 1837 2565 cris
1852 2494 2006 2565 iaciunt:

1458 2597 1588 2667 Alaccr
1802 2596 1931 2665 alacris

1460 2723 1543 2769 acer
1801 2698 1893 2768 aeris

1460 2800 1606 2871 volucer
1801 2798 1968 2871 volucris.

1406 2919 1591 2989 Adiectiva
1609 2918 1747 3002 inber,
1772 2918 1847 2988 bris
1863 2918 2016 2989 faciunt:

1459 3022 1606 3092 Celeber
1799 3021 1948 3091 celebris

1459 3124 1603 3195 saluber
1799 3124 1953 3193 salubris

1459 3227 1550 3298 uber
1799 3226 1933 3297 uberis.

1407 3330 1623 3420 Analogiam
1640 3328 1803 3424 sequitur
1818 3339 1854 3397 et
1869 3329 1983 3419 puber
2002 3327 2159 3419 puberis.

1405 3465 1588 3535 adtecttva
1607 3464 1645 3533 in
1659 3463 1856 3551 stersstrlt
1872 3463 2024 3533 iaciunt:

1455 3566 1621 3638 Paluster
1797 3565 1979 3661 palustris.

1406 3684 1524 3756 lmber
1551 3711 1631 3757 cum
1659 3685 1735 3777 iis,
1750 3710 1843 3781 quae
1864 3687 1909 3756 ab
1936 3711 1979 3759 eo
2002 3690 2114 3774 liunt,
2138 3688 2214 3761 bris
2238 3691 2291 3761 la-

1303 3789 1423 3874 ciunt,
1448 3800 1489 3860 ut

1457 3889 1577 3960 lmber
1799 3891 1926 3963 imbris

1455 3993 1665 4086 September
1798 3994 2022 4086 septembris.

1404 4110 1446 4184 ln
1460 4124 1535 4197 ter,
1560 4112 1626 4185 tris
1640 4114 1794 4197 faciunt,
1817 4126 1860 4182 ut

1456 4214 1566 4284 Pater
1798 4215 1911 4306 patris

1458 4316 1577 4386 Mater
1799 4316 1925 4387 matris

1457 4417 1594 4513 Lynter
1799 4419 1939 4511 lyntris.

1405 4518 1498 4605 lter,
1524 4519 1735 4614 abantiquo
1751 4519 1878 4604 itiner,
1903 4518 2042 4592 itineris
2053 4517 2151 4592 lacit.
2207 4594 2211 4604 ,

1405 4638 1537 4710 Mulier
1566 4638 1746 4722 mulieris,
1792 4639 1989 4731 penultima
2025 4639 2128 4711 brevi
2157 4650 2293 4712 veteres

1302 4743 1587 4836 pronuntiarunt
1598 4739 1673 4836 ¹⁸⁸)

1405 4861 1597 4957 Sequester
1611 4860 1822 4955 sequestris,
1848 4861 1954 4932 tertia
1978 4852 2218 4963 ᾂὼεῑὶοιιε
2233 4858 2293 4934 Ci-

1303 4987 1386 5035 cero
1401 4965 1504 5047 ferit,
1530 4966 1683 5036 secunda
1701 4963 1869 5049 Plautus,
1893 4954 2129 5061 sequestrum.

1303 5216 1386 5283 Ἠ)
1405 5215 1536 5277 orlorts]
1553 5214 1603 5264 rt.
1622 5227 1647 5265 s.
1665 5225 1708 5265 a:
1733 5211 1821 5267 orlon

1336 5319 1386 5386 tt)
1403 5323 1582 5383 rpsrepas
1544 5318 1607 5379 tta]
1626 5313 1818 5378 ttdltttm,
1835 5313 2034 5365 effundunt
2057 5314 2293 5371 estant-eru-

1372 5377 1492 5452 enmrln
1470 5380 1604 5453 ueprius
1606 5400 1668 5446 r,se
1691 5381 1783 5435 wtrt
1800 5382 1877 5434 leonr
1895 5382 1996 5435 dicant

1338 5491 1403 5551 tw)
1420 5500 1491 5552 rma
1493 5485 1757 5549 reomaenses
1769 5485 1861 5547 tut.
1880 5497 1906 5534 s.
1918 5496 1945 5535 a
1961 5485 2079 5536 addunt:
2103 5482 2294 5535 sedtum

1370 5558 1531 5680 mmmlzts
1549 5559 1652 5608 nultra
1668 5559 1734 5607 brev
1736 5565 1768 5604 cs
1790 5551 1896 5617 altoqnt
1917 5552 2107 5614 mererent,
2136 5552 2161 5602 Ι
2177 5550 2292 5618 bugu

1681 5692 1730 5764 ts
