5125 6525
168 567 175 588 „
248 455 338 584 'scs
887 463 1011 586 run.
1038 464 1153 541 unu.
1180 463 1383 540 scurra
1409 463 1679 538 fflsromcn.
1871 451 1873 458 '
2083 445 2120 506 ·'
2164 453 2309 542 1544

224 621 227 628 ⁴
258 689 262 696 -
364 639 486 714 XCVI.
535 638 618 710 Dux
653 639 830 711 Saxoniae
865 639 1034 712 filbertus
1063 666 1155 711 -cum
1189 641 1254 709 ali·
1278 707 1281 760 ¹
1308 661 1456 707 manum
1490 637 1673 707 inferrem.
1749 636 1951 727 Respondit
1985 633 2170 707 Marcbio:
2216 639 2313 736 ἕρεις

261 749 408 844 quando
425 747 566 817 sederet
578 744 616 812 in
632 768 754 814 mensa
772 769 853 814 cum
870 746 961 828 aliis,
985 758 1020 814 et
1036 744 1141 815 multi
1155 744 1256 813 iacti·
1278 763 1282 834 2
1307 742 1437 834 δίκαι,
1464 758 1536 814 tucn
1555 740 1599 833 id)
1619 748 1654 813 cd
1670 740 1748 835 eud)
1772 736 1873 827 roilli,
1899 737 1933 827 lo
1956 743 2039 814 molt
2061 740 2105 834 id)
2129 742 2203 836 eud)
2230 744 2312 835 fem:

261 862 383 921 tarent
403 872 467 919 sua
492 850 587 917 dona
612 860 647 917 et
670 871 752 918 suas
776 872 855 930 res,
897 850 957 917 ille
978 844 1071 916 nihil
1093 848 1256 917 laudavit
1279 841 1282 954 ,
1306 865 1376 919 met
1392 844 1456 933 bob
1472 848 1612 917 ttttabcu
1626 841 1807 938 gcfclfdpcft
1822 839 1943 930 ltifltn.
1988 844 2104 914 Paulo
2122 860 2206 937 post
2223 873 2310 916 con-

213 968 224 992 ‘
260 949 407 1026 suarum
441 975 587 1035 rerum,
634 974 719 1021 suae
748 937 843 1019 enim
871 946 1038 1021 heroicae
1068 974 1143 1019 non
1173 963 1257 1021 sunt
1279 959 1282 1028 ξ
1307 959 1427 1040 specta
1465 961 1517 1017 cst
1549 946 1652 1037 virgo
1687 950 1733 1015 ad
1767 949 1861 1017 latus
1896 941 2119 1017 Marcbionis
2163 950 2308 1039 collata,

260 1056 518 1139 iactabundae,
544 1056 607 1125 sed
623 1053 713 1123 dixit
728 1077 764 1124 se
779 1049 912 1123 habere
927 1079 1037 1125 unam
1060 1054 1255 1137 civitatem,
1279 1051 1282 1112 l
1308 1073 1418 1145 quam
1444 1074 1524 1120 cum
1548 1047 1632 1119 Dux
1656 1048 1836 1142 Augustus
1868 1049 2025 1134 videret,
2066 1050 2309 1145 interrogavit

260 1161 301 1229 in
318 1183 388 1253 qua
416 1172 534 1230 essent
557 1158 624 1226 tria
649 1157 823 1226 miracula
846 1182 997 1248 magna,
1025 1158 1094 1226 tria
1116 1182 1189 1227 esse
1216 1159 1255 1226 in
1308 1154 1488 1248 quendam
1505 1152 1686 1236 nobilem,
1713 1176 1824 1248 aquo
1839 1157 1929 1221 esset
1945 1155 2116 1234 adducta;
2150 1180 2307 1251 cumque

260 1264 322 1333 illa
339 1261 482 1331 civitate
505 1259 744 1342 monasteria,
776 1256 803 1331 Ι.
830 1259 1092 1332 Monasterium
1114 1260 1256 1352 praedi·
1308 1256 1459 1339 nubilis,
1485 1280 1592 1350 quem
1616 1258 1935 1347 percunctabatur,
1961 1280 1999 1326 se
2022 1258 2160 1326 nullam
2182 1262 2306 1330 videre

161 1389 164 1393 ·
262 1378 425 1437 catorum
442 1361 575 1433 habere
595 1364 748 1433 multum
767 1364 941 1433 frumenti
963 1378 999 1433 et
1023 1386 1098 1432 non
1124 1362 1256 1433 habere
1308 1360 1462 1442 diceret,
1488 1359 1538 1427 ita
1556 1360 1624 1429 sibi
1641 1359 1781 1444 timuit,
1807 1372 1848 1430 ut
1865 1359 1964 1428 color
1983 1361 2021 1427 iu
2038 1361 2129 1431 facie
2146 1376 2307 1434 mutare-

167 1458 172 1466 *
264 1461 389 1559 agros,
420 1463 464 1538 ll.
490 1466 750 1536 Franciscanos
767 1462 984 1549 monachos,
1015 1468 1078 1560 qui
1095 1468 1256 1536 abunda·
1279 1419 1283 1554 l
1308 1476 1379 1533 tur.
1432 1462 1595 1556 Cumque
1608 1464 1756 1531 fratrem
1780 1487 1884 1533 suum
1901 1462 2113 1534 Mauritium
2138 1489 2219 1536 cum
2244 1466 2308 1535 illa

260 1582 343 1641 rent
357 1570 531 1659 pecunia,
557 1595 623 1640 nec
638 1582 760 1637 tamen
774 1565 908 1638 habere
925 1571 1080 1652 reditus,
1107 1566 1165 1639 111.
1187 1562 1256 1643 Die
1279 1571 1282 1648 l
1308 1566 1385 1658 ipsa
1402 1565 1541 1656 virgine
1556 1564 1833 1636 familiarissime
1849 1566 2008 1658 colloqui
2022 1578 2057 1635 et
2074 1568 2199 1638 ludere
2225 1570 2308 1637 ani·

259 1669 443 1767 &penales
472 1671 626 1765 monbec
655 1672 702 1745 bie
732 1674 840 1761 better
867 1674 915 1746 cil
942 1674 1063 1749 clintes
1090 1678 1155 1747 aab
1180 1671 1255 1765 bod)
1279 1679 1283 1690 '
1307 1669 1577 1752 madvertisset,
1611 1670 1654 1737 de
1677 1693 1802 1739 mensa
1825 1669 1987 1740 abiturus
2006 1671 2166 1742 surrexit.
2225 1670 2308 1740 Cur

252 1776 350 1860 {eine
372 1775 503 1848 meibet.
1308 1770 1436 1841 vadis?
1471 1769 1608 1865 (inquit
1625 1769 1874 1869 Elector)⁴⁰⁸).
1924 1770 2054 1842 Nonne
2075 1772 2159 1868 (ait)
2184 1773 2307 1857 vides,

365 1873 503 1947 XCVll.
545 1876 702 1968 Quidam
735 1875 984 1967 Wittebergae
1017 1877 1255 1967 suspendeba-
1308 1899 1417 1969 quam
1435 1867 1658 1944 horrendum
1681 1888 1883 1945 monstrum
1903 1874 2153 1966 amplectaris?
2193 1876 2308 1944 Tunc

261 1994 342 2064 cur,
370 1981 431 2073 qui
458 1979 613 2049 dicebat:
651 1981 744 2069 &eet
766 1982 796 2053 it
820 1978 853 2068 fo
869 1978 1103 2073 dueugctifd).
1138 1985 1201 2055 bct
1224 1981 1255 2054 it
1307 1978 1368 2048 ille
1390 1977 1593 2071 respondit:
1625 1979 1661 2054 D
1685 1978 1716 2051 it
1737 1975 1822 2066 nlifl
1845 1995 2024 2071 geunnen.
2047 1977 2138 2075 pert
2153 1979 2308 2067 baubat.

261 2087 312 2158 bie
327 2086 399 2159 bicb
419 2082 567 2176 pendet?
1308 2091 1344 2156 et
1365 2076 1404 2169 ill
1424 2080 1490 2154 mit
1512 2084 1576 2155 aab
1599 2083 1738 2155 meinent
1761 2091 1855 2157 notet
1878 2084 1928 2156 ait
1953 2079 2068 2171 sculpe.
2120 2079 2173 2150 lbi
2200 2083 2305 2171 virgo

364 2184 519 2256 XCVlll.
557 2183 668 2252 Venit
683 2180 934 2276 Witebergam
961 2181 1161 2256 monachus
1181 2184 1254 2254 Bo·
1279 2229 1284 2284 ι
1306 2183 1481 2275 paulatim
1515 2184 1632 2274 coepit
1662 2187 1815 2267 mutari,
1856 2187 1971 2254 donec
2004 2184 2112 2276 plane
2144 2184 2306 2257 evanuit.

244 2286 442 2373 hernicus,
469 2289 532 2383 qui
555 2287 707 2356 multum
734 2312 776 2356 cx
799 2289 1019 2358 monasterio
1046 2303 1136 2359 esset
1158 2291 1255 2359 fura·
1279 2289 1284 2390 Ι
1307 2287 1409 2357 Hanc
1448 2281 1636 2356 historiam
1672 2283 1762 2356 mibi
1783 2284 1962 2381 Philippo
1998 2300 2034 2358 et
2066 2287 2306 2358 multis'aliis

261 2405 339 2476 tus,
366 2393 518 2462 multum
537 2391 640 2461 serici
661 2394 725 2464 nub
747 2388 856 2484 [sipont
879 2396 1138 2487 medgtmtnbet,
1167 2393 1254 2461 item
1279 2393 1284 2452 l
1307 2389 1553 2483 praesentibus
1584 2402 1620 2458 et
1649 2391 1885 2481 assidentibus
1911 2390 2075 2460 recitavit
2096 2389 2143 2460 D.
2165 2386 2327 2486 loachi·¹

261 2495 388 2566 calices
409 2508 445 2563 et
461 2494 543 2564 alia.
595 2492 724 2563 Postea
747 2491 818 2562 huc
840 2510 1018 2565 venerunt
1030 2491 1255 2591 Bohemifl),
1307 2519 1387 2565 mus
1405 2492 1632 2563 Camerarius
1648 2493 1687 2560 in
1704 2495 1850 2564 aedibus
1864 2492 1911 2564 D.
1927 2494 2124 2564 Pomerani
2147 2494 2304 2585 pastoris

262 2598 325 2692 qui
339 2598 441 2667 illum
458 2592 516 2665 hic
532 2597 747 2664 invenerunt
764 2609 798 2664 et
813 2600 1030 2685 petiverunt,
1053 2612 1093 2668 ut
1108 2619 1255 2689 suspen·
1279 2629 1284 2668 ι
1307 2589 1434 2668 nostri.
1817 2594 1830 2654 ’-

259 2699 425 2792 deretur,
450 2702 514 2769 sed
527 2698 573 2769 D.
584 2697 691 2795 M.⁴⁸)
708 2699 836 2790 petivit
850 2702 916 2771 sibi
932 2702 1073 2773 donari.
1102 2673 1284 2780 Factuml
1358 2784 1361 2789 Ι
1411 2694 1483 2769 CIL
1524 2692 1689 2776 Marchio
1711 2695 2005 2770 Culmbachcnsis
2025 2698 2131 2769 dixit:
2173 2698 2212 2768 si
2237 2723 2304 2790 ego

261 2816 334 2884 θεῖς
368 2805 430 2873 scd
453 2803 512 2872 ille
534 2802 681 2872 tandem
705 2802 848 2892 effugit,
883 2817 1003 2895 postea
1029 2828 1105 2873 non
1128 2804 1255 2895 procul
1278 2785 1283 2906 Ι
1306 2814 1426 2893 partes
1440 2797 1672 2891 Imperatoris
1686 2798 1998 2886 administrarem,
2026 2804 2183 2892 optimos
2200 2825 2306 2885 curaf

261 2908 307 2975 ab
332 2908 513 2996 Amberga
546 2906 686 2974 furatus
720 2917 790 2987 est,
837 2905 887 2974 ibi
922 2909 1069 2977 tandem
1103 2930 1253 2998 suspen·
1277 2909 1282 2974 l
1306 2928 1383 2972 rem
1407 2904 1491 2997 eligi
1515 2898 1722 2995 Theologos
1740 2928 1782 2972 ex
1807 2917 1960 2999 utraque
1984 2917 2086 2996 parte
2110 2905 2306 2990 vel'secta‚

168 3051 172 3056 ·
260 3031 321 3081 sus
346 3020 438 3078 est.-
985 3099 987 3103 μ
1277 2977 1457 3102 litlosque
1473 3007 1692 3076 includerem
1711 3006 1915 3076 indomum
1931 3008 2091 3103 aliquam
2106 3008 2199 3078 benc
2225 3032 2307 3078 rnu-

181 3143 217 3206 .'
268 3155 274 3172 ι
363 3107 485 3180 XCIX.
522 3108 607 3180 Non
623 3121 706 3177 ante
729 3108 862 3179 multos
886 3133 1000 3180 anuos
1022 3109 1255 3184 venitWite·
1305 3110 1442 3196 uitam,
1469 3109 1590 3202 eisque
1609 3109 1743 3179 victum
1764 3111 2031 3202 suppeditarem
2053 3111 2305 3206 sufficientem,

259 3214 406 3307 bergam
423 3213 553 3306 aliquis
561 3211 628 3310 ⁴⁰),
656 3212 719 3308 qui
734 3213 875 3282 dicebat
891 3238 927 3285 se
941 3216 1047 3285 fuisse
1064 3214 1254 3285 conciona—
1307 3215 1421 3284 donec
1442 3237 1555 3282 unum
1576 3210 1714 3307 aliquid
1739 3236 1864 3311 omnes
1889 3216 2142 3299 decernerent,
2177 3227 2307 3311 postca

259 3330 376 3387 torem
393 3316 669 3401 inVoitlandia,
695 3319 793 3410 quod
807 3328 843 3386 et
856 3317 976 3410 lingua
993 3304 1194 3401 indicabat,
1221 3330 1257 3386 et
1279 3326 1284 3387 l
1308 3341 1350 3387 ex
1366 3317 1436 3387 illis
1454 3340 1684 3410 quaererem,
1718 3340 1764 3384 an
1783 3314 2060 3413 ctiam-firmiter
2078 3343 2141 3388 sua
2159 3316 2307 3388 decreta

260 3420 364 3490 valde
380 3433 459 3490 erat
473 3422 667 3504 facundus,
694 3433 730 3489 et
749 3420 899 3489 omnino
917 3423 1056 3513 patiens
1075 3424 1255 3504 laborum,
1308 3422 1495 3490 crederent
1515 3431 1551 3488 et
1575 3432 1711 3501 morte,
1736 3419 1768 3488 si
1784 3443 1874 3511 opus
1895 3434 2003 3505 esset,
2029 3433 2213 3514 praestare
2231 3421 2307 3491 vel·

260 3525 312 3591 ita
337 3536 378 3594 ut
401 3523 508 3592 etiarn
532 3549 665 3615 pueros
696 3537 872 3614 gestaret,
915 3549 982 3596 nos
1010 3526 1063 3594 illi
1091 3527 1255 3595 dedimus
1306 3524 1393 3596 lent.
1450 3522 1489 3592 Si
1513 3522 1754 3605 affirmarent,
1790 3524 1911 3593 statim
1937 3549 2053 3594 arcem
2079 3524 2157 3616 igni
2180 3548 2304 3594 accen·

263 3627 312 3697 10
325 3626 362 3696 fl.
414 3624 523 3694 Venit
538 3627 576 3694 in
591 3650 813 3716 cauponam,
840 3638 875 3695 et
897 3653 1042 3697 omnem
1064 3629 1254 3720 pecuniam
1308 3629 1450 3709 derem,
1478 3639 1513 3695 et
1528 3649 1656 3695 omnes
1669 3625 1835 3693 incendio
1852 3628 1969 3717 perire
1988 3652 2173 3708 curarem;
2203 3638 2302 3719 post·

261 3727 502 3817 consumpsit,
529 3729 614 3797 lusit
633 3730 812 3798 et'deinde
837 3728 961 3801 abiens
981 3755 1057 3799 non
1082 3732 1256 3822 persolvit
1307 3753 1349 3799 ea
1365 3730 1512 3799 illorum
1526 3727 1677 3797 decretis
1692 3729 1884 3800 crederem.

198 3868 203 3877 =
245 3850 477 3921 cauponam.
1410 3830 1498 3902 Clll.
1538 3829 1580 3900 ln
1599 3830 1805 3902 Neumarck
1828 3833 1976 3914 accidit,
2009 3846 2154 3911 utrum
2182 3831 2304 3927 aliqua

367 3931 407 4001 C.
440 3926 663 4003 Wilhelmus
694 3933 767 4001 dux
786 3931 965 4017 Bavariae
990 3933 1080 4002 dixit
1107 3938 1151 4002 ad
1172 3960 1255 4006 suos
1307 3934 1516 4006 muliercula
1534 3935 1707 4003 infantem
1725 3936 1862 4006 lavaret
1873 3936 1912 4004 in
1929 3959 2069 4019 vanno,
2097 3949 2132 4005 et
2149 3937 2325 4007 alterum*

262 4034 414 4104 aulicos:
449 4031 608 4125 &aelfeh
638 4033 764 4127 stellet,
797 4036 903 4130 blitet
956 4038 1255 4115 auctocratoris
1307 4063 1459 4130 puerum
1478 4039 1592 4108 cultro
1610 4062 1646 4108 se
1663 4038 1804 4108 laesisse
1830 4040 1989 4122 audiret,
2022 4040 2167 4133 iamque
2189 4038 2306 4106 mori-

262 4160 328 4213 tutt
344 4140 395 4212 eit
410 4137 598 4233 turnella),
622 4139 706 4231 quia
724 4152 758 4207 et
776 4140 851 4230 ipsc
867 4143 939 4208 dux
953 4141 1022 4209 fuit
1036 4143 1089 4215 cin
1104 4139 1254 4233 &suffen
1306 4143 1453 4229 bundas,
1466 4155 1616 4211 matrem
1633 4155 1799 4224 vocaret,
1825 4143 1902 4233 ipsa
1920 4145 1966 4212 ad
1989 4141 2301 4234 puerumlaesum

264 4270 269 4277 ·
365 4238 422 4313 Cl.
455 4246 563 4314 Anno
590 4238 702 4316 1552.
729 4239 765 4313 4.
789 4239 873 4313 ldus
894 4242 1083 4314 Februarii
1104 4245 1142 4314 in
1164 4249 1254 4318 festo
1307 4246 1464 4315 accrurit
1481 4269 1556 4315 non
1578 4241 1716 4314 habens
1736 4245 1914 4316 rationem
1937 4245 2083 4316 infantis
2102 4244 2141 4313 in
2165 4265 2302 4327 vanno,

197 4338 203 4355 ’
258 4343 584 4417 bacchanaliorum
606 4371 679 4416 una
700 4347 847 4417 fuerunt
865 4346 1026 4418 Dresdae
1048 4348 1132 4418 Dux
1150 4348 1255 4419 Mau·
1307 4349 1371 4443 qui
1394 4350 1545 4419 abeunte
1570 4347 1646 4440 ipsa
1669 4348 1875 4421 submersus
1895 4362 1958 4421 cst.
2024 4349 2179 4419 Maritus
2208 4347 2304 4416 forte

259 4450 365 4520 ritius
379 4449 543 4535 Elector,
568 4449 653 4520 Dux
668 4448 868 4540 Augustus,
897 4463 932 4518 et
946 4448 1112 4520 Marchio
1128 4451 1255 4522 Alber-
1306 4453 1550 4544 interveniens
1566 4451 1760 4521 arbitratus
1775 4465 1829 4522 est
1850 4454 1975 4524 matris
1994 4451 2159 4523 socordia
2185 4451 2305 4519 infan-

260 4564 319 4622 tus
343 4550 649 4624 Culmbachensis.
708 4550 761 4622 lbi
785 4567 969 4645 cumpost
993 4578 1143 4624 coenam
1168 4551 1255 4625 cho·
1307 4568 1379 4627 tem
1410 4556 1560 4638 obiisse,
1603 4567 1639 4623 et
1664 4569 1890 4645 conspectam
1924 4557 2112 4647 coniugem
2143 4555 2305 4647 pugione

259 4676 339 4725 reas
354 4655 544 4739 ducerent,
567 4659 660 4725 forte
678 4669 859 4726 certamen
874 4657 969 4726 inter
984 4659 1064 4729 illos
1086 4658 1124 4727 in
1145 4661 1255 4729 collo-
1308 4661 1484 4741 confodit;
1524 4657 1674 4728 audiens
1703 4671 1826 4748 postea
1855 4684 1931 4729 rem
1964 4660 2099 4751 ipsam,
2134 4658 2205 4728 sibi
2235 4658 2305 4750 ipsi

260 4757 362 4851 quio,
386 4770 467 4827 uter
483 4757 521 4826 in
535 4760 839 4851 praeteritobello
854 4761 1151 4832 formosissimam
1169 4787 1254 4831 con·
1306 4777 1460 4834 mortem
1479 4762 1608 4856 laqueo
1628 4763 1811 4832 conscivit.
1936 4794 1940 4799 ¹
1996 4829 1999 4833 .

261 4861 429 4930 cubinam
453 4856 646 4934 habuisset.
696 4862 858 4958 Quisque
881 4888 982 4934 suam
1005 4866 1149 4951 laudat,
1181 4879 1253 4938 stu·
1410 4861 1513 4938 Cllll.
1552 4864 1610 4932 Ad
1632 4859 1802 4933 Rhenum
1826 4866 1894 4935 fuit
1917 4866 2064 4960 quidam
2088 4864 2302 4956 Episcopus,

260 4961 329 5036 diis¹
351 4965 548 5036 certamina
573 4980 754 5051 crescunt,
781 4980 817 5037 et
838 4969 952 5053 fervet
975 4970 1088 5038 multo
1114 4969 1253 5062 lingua·
1306 4971 1370 5067 qui
1386 4994 1509 5040 omncs
1525 4992 1701 5061 pauperes
1718 4970 1764 5037 ad
1780 4994 1817 5039 se
1842 4970 2024 5040 venientes
2047 4982 2083 5039 et
2106 4970 2306 5060 eleemosy-

260 5093 331 5162 quc
359 5093 493 5165 corque
523 5095 637 5141 mero.
695 5071 861 5141 Tandem
889 5072 1008 5166 inquit
1041 5071 1251 5144 Mauritius:
1306 5098 1390 5143 nam
1422 5085 1582 5173 petentes
1612 5072 1652 5140 in
1680 5075 1961 5153 unam-domum
1987 5073 2235 5154 concluserat,
2272 5082 2307 5139 et

259 5170 343 5241 Mea
359 5175 450 5244 adeo
466 5176 627 5245 formosa
646 5186 716 5254 cst,
748 5187 807 5258 ut,
828 5174 858 5246 si
877 5176 965 5245 tales
983 5176 1128 5266 angelos
1144 5178 1182 5244 in
1198 5178 1252 5246 in·
1305 5177 1404 5246 illam
1421 5179 1644 5260 incenderet,
1679 5200 1831 5270 cumque
1848 5178 1899 5248 ibi
1917 5177 1969 5245 illi
1992 5176 2114 5247 miseri
2133 5171 2304 5245 homines

258 5274 345 5346 fimo
375 5278 476 5346 coelo
508 5273 672 5348 babitare
697 5279 843 5363 scirem,
890 5275 1008 5350 adhuc
1030 5274 1138 5349 hodie
1161 5276 1253 5350 mihl
1305 5281 1376 5352 alta
1402 5307 1490 5352 voce
1514 5280 1730 5363 clamarent,
1770 5279 1875 5350 dixit:
1916 5280 2048 5351 Audite
2072 5304 2199 5349 vocem
2223 5301 2303 5346 mu·

1304 5385 1413 5457 rium.
1465 5383 1527 5454 llle
1549 5385 1623 5477 ipse
1641 5381 1839 5476 Episcopus
1860 5410 1880 5452 a
1903 5385 2066 5454 muribus
2091 5382 2223 5454 deinde
2250 5392 2305 5463 est

294 5478 344 5546 ⁴⁷)
361 5476 486 5547 ΜΨ]
503 5479 590 5534 ⁰⁰4²
615 5480 727 5532 ΡΜ
1306 5513 1470 5574 arrosus,
1501 5501 1536 5556 et
1561 5512 1642 5559 cum
1662 5509 1738 5556 non
1760 5502 1880 5579 posset
1905 5489 2131 5579 ingruentem
2155 5483 2307 5578 copiam

292 5566 397 5688 ⁴23¹.
408 5567 620 5701 iffdtasdtctoirii.
647 5567 709 5634 (cut
733 5579 783 5633 pro
807 5569 842 5624 D.
859 5570 942 5622 biert.
960 5569 1099 5637 humero,
1127 5572 1176 5622 eut
1200 5582 1252 5636 pro

294 5715 345 5786 ⁴⁹)
364 5722 582 5789 mamaccas
605 5725 669 5792 qu·
1338 5721 1798 5793 comemmorans:
1826 5724 2089 5793 (transmutor,

1505 5930 1520 5968 Ι
