5125 6525
584 590 778 661 Formulae
800 613 961 665 casuum.

377 709 613 800 Singulatim
629 710 690 807 ⁸¹).
754 712 942 783 Genitivus
966 714 1008 784 is.
1069 712 1222 783 Dativus
1244 714 1269 785 i.

205 829 209 834 ’
272 813 508 885 Accusativus
533 838 601 884 em.
661 813 857 887 vocativus
880 816 1005 887 similis
1027 827 1080 886 est
1102 816 1269 885 uomina·

264 917 362 986 tivo.
413 915 601 986 Ablativus
618 941 636 985 e
651 918 708 986 vel
724 915 807 1014 iu).

375 1032 581 1105 Pluraliter.
625 1036 944 1108 Nominativuses.
987 1036 1267 1108 Genitivusum.

271 1136 426 1208 Dativus
448 1138 526 1239 bus.
592 1138 825 1212 Accusativus
853 1154 888 1210 et
909 1137 1104 1210 vocativus
1134 1139 1268 1211 similes

271 1238 499 1310 nominativo
515 1241 658 1331 plurali.
710 1240 897 1314 Ablativus
912 1242 1039 1313 similis
1055 1242 1191 1312 dativo.

374 1357 416 1429 ln
430 1356 498 1429 bac
514 1361 772 1447 declinatione,
799 1364 881 1457 quia
898 1361 1075 1453 genitivus
1093 1361 1182 1430 alias
1201 1385 1268 1430 nu·
1325 1333 1336 1364 ·.·.

273 1486 374 1532 mero
390 1463 609 1555 syllabarum
627 1478 772 1556 superat
787 1466 1073 1548 nominativum,
1096 1463 1185 1535 alias
1201 1486 1268 1555 par

273 1578 327 1635 est
360 1577 396 1635 et
428 1566 467 1633 in
496 1566 783 1638 nominativoet
806 1569 844 1637 in
867 1569 1023 1659 genitivo
1048 1567 1266 1661 syllabarum

272 1692 465 1751 numerus,
505 1669 676 1756 formatio
700 1672 847 1764 genitivi
870 1671 979 1762 paulo
1003 1681 1055 1738 est
1075 1668 1268 1738 difficilior.

273 1770 342 1839 Sed
366 1796 408 1840 ex
429 1769 693 1862 Paradigmatis
722 1774 826 1843 facile
859 1785 1114 1865 cognoscetur,
1156 1794 1267 1865 quare

275 1872 351 1943 eius
367 1895 466 1943 casus
488 1874 743 1945 formationem
762 1876 1020 1947 aestimandam
1036 1877 1082 1944 ab
1097 1873 1269 1965 exemplis

273 1976 523 2069 relinquimus.

525 2142 803 2235 paradigma
829 2142 937 2242 2322)
964 2144 1007 2215 A.

374 2273 415 2345 ln
433 2300 453 2346 a
467 2289 594 2347 neutra
609 2290 705 2361 sunt,
720 2291 756 2349 et
764 2277 903 2349 Graeca
920 2280 1055 2364 omnia,
1071 2290 1111 2348 ut
1124 2299 1268 2369 poerna,

272 2390 453 2468 tragema‚
479 2381 696 2452 carcinoma.
751 2380 857 2450 Certe
879 2396 1015 2452 veteres
1040 2381 1269 2451 declinarunt

271 2475 481 2552 huiusmodi
514 2505 619 2551 voces
645 2483 771 2574 prima
804 2481 1063 2567 declinatione,
1103 2495 1144 2551 ut
1179 2477 1269 2550 baec

269 2577 439 2666 schema,
480 2579 587 2652 buius
617 2579 804 2668 schemae,
821 2657 824 2662 ,
839 2589 936 2675 apud
960 2585 1127 2656 Plautum
1158 2581 1268 2682 [Am-

266 2680 384 2776 phitr.
402 2685 501 2756 Prol.
522 2680 641 2781 117.].

503 2818 733 2909 Paradigma.
786 2820 1034 2916 singulariter.

583 2916 654 2989 boc
674 2944 805 3010 poema

585 3018 692 3092 buius
715 3026 892 3112 poematis
951 3097 955 3108 ,

586 3119 670 3198 buic
691 3126 849 3214 poemati

586 3222 654 3295 boc
676 3249 806 3318 poema

584 3354 606 3397 o
632 3352 761 3419 poema
812 3402 815 3407 ,
852 3395 855 3401 .

585 3432 630 3500 ab
653 3426 723 3500 boc
746 3446 922 3522 poemate.

639 3580 642 3587 ·
667 3550 873 3622 Pluraliter.

584 3649 671 3720 baec
698 3666 866 3744 poemata

585 3751 714 3823 borum
740 3769 949 3847 poematum

584 3854 640 3927 bis
665 3859 892 3949 poematibus

584 3955 673 4028 baec
695 3973 864 4051 poemata

583 4087 607 4133 o
626 4075 792 4154 poemata

530 4138 634 4235 ¹“ab
656 4160 711 4236 his
733 4164 991 4265 poematibus.
1030 4234 1035 4247 ,
1113 4210 1116 4217 ·
1155 4248 1162 4255 ,
1229 4238 1235 4247 .

467 4233 1138 4395 93231312333132313113332333221
1238 4340 1265 4367 ·.

375 4419 526 4491 Dativos
543 4435 577 4490 et
594 4422 773 4494 ablativos
790 4424 946 4514 plurales
969 4423 1159 4491 nominum
1183 4424 1221 4490 in
1244 4445 1264 4491 a

267 4523 408 4594 faciunt
427 4524 534 4593 etiam
560 4549 625 4616 per
648 4525 696 4609 is,
722 4538 762 4594 ut
782 4526 977 4616 poematis,
1004 4525 1266 4617 propoemati-

267 4628 359 4709 bus,
385 4627 493 4721 idque
510 4652 576 4699 usu
592 4641 772 4720 receptum
792 4641 855 4699 est.

714 4792 718 4805 ι
744 4777 786 4850 E·

374 4896 415 4967 lu
440 4924 459 4969 e
480 4912 608 4969 neutra
642 4911 724 4968 sunt
748 4901 868 4968 omnia
883 4896 932 4993 κ)
957 4899 995 4968 in
1015 4895 1083 4968 bac
1108 4899 1264 4968 declina-

264 4999 382 5071 tione.

245 5257 251 5264 ¹
301 5238 354 5306 99)
373 5238 584 5304 9133322391]
603 5240 644 5292 sio
661 5239 808 5305 Edam
835 5239 1263 5307 13311111321,1319.,1113

337 5309 430 5363 deest.

300 5388 888 5458 92)»122113311211.121311113..23
914 5350 1262 5457 3133111.1311.,1921.,

339 5460 415 5513 1929.
435 5448 504 5512 litteo
523 5461 631 5512 absunt.

299 5545 351 5614 89)
369 5548 538 5615 1133321333
557 5545 599 5615 13]
616 5550 651 5598 ab
668 5549 719 5600 1111.
737 5562 761 5597 3.
778 5559 804 5597 s.
822 5549 931 5597 3113331.

298 5631 352 5700 99)
369 5638 437 5687 sont
453 5630 560 5701 11311322]
578 5633 629 5695 lid.
645 5646 669 5685 3.
688 5643 732 5687 tt:
758 5626 850 5683 onnia
866 5634 931 5683 11332

893 357 1052 495 suen.
1103 421 1432 496 33313333333
1457 420 1649 496 narina,
1747 475 1749 480 .

1552 592 1783 685 Paradigma.
1833 576 2087 686 singulariter.-

1527 710 1597 809 hoc
1618 713 1732 783 cubile

1527 810 1634 887 huius
1666 814 1792 887 cubilis

1528 914 1612 987 huic
1635 919 1743 988 cubili

1528 1017 1598 1089 hoc
1619 1021 1736 1091 cubile

1531 1148 1553 1191 o
1575 1124 1691 1192 cubile

1529 1226 1575 1295 ab
1598 1222 1667 1295 boc
1687 1225 1806 1295 cubili.
1860 1226 2048 1296 Ablativus
2073 1227 2084 1293 i
2108 1225 2198 1295 buit.

1684 1343 1890 1417 Pluraliter.

1528 1440 1616 1514 baec
1641 1447 1770 1515 cubilia

1528 1543 1658 1618 borum
1684 1549 1855 1620 cubilium

1527 1647 1584 1721 bis
1608 1651 1783 1722 cubilibus

1527 1748 1614 1821 baec
1636 1754 1765 1822 cubilia

1529 1878 1551 1921 o
1579 1855 1707 1924 cubilia

1529 1957 1574 2024 ab
1595 1952 1651 2028 his
1676 1956 1863 2027 cubilibus.

1423 2072 1520 2145 llaec
1554 2099 1765 2168 praesepes‚
1816 2070 1923 2144 buius
1958 2074 2140 2167 praesepis
2177 2086 2313 2145 veteres

1320 2174 1452 2247 dixere.
1505 2177 1610 2247 Nunc
1626 2174 1695 2248 hoc
1718 2201 1889 2270 praesepe
1916 2175 2086 2261 dicimus,
2120 2177 2217 2246 etin
2241 2178 2315 2247 sin·

1320 2279 1436 2368 gulari
1468 2277 1641 2353 ἄπτωτον
1676 2306 1749 2352 esse
1780 2282 1854 2351 lere
1883 2278 2053 2350 sentiunt.
2118 2278 2313 2350 Pluraliter

1320 2380 1517 2472 praesepia.
1570 2382 1615 2451 Et
1632 2407 1787 2475 gausape
1802 2384 1841 2453 in
1861 2381 2034 2471 singulari
2050 2380 2224 2454 ἄπτωτον
2248 2393 2312 2453 est.

1320 2482 1464 2552 Persius
1479 2480 1572 2579 [Sat.
1590 2483 1615 2553 6
1617 2481 1722 2580 ,46.]
1739 2484 1926 2575 pluraliter
1939 2483 2028 2552 dixit
2045 2508 2214 2574 gausapa.

1424 2584 1537 2676 Cape,
1571 2610 1700 2675 genere
1723 2600 1853 2658 neutro
1878 2585 2179 2663 indeclinabiliter
2202 2585 2310 2674 vulgo

1320 2699 1489 2765 utuntur;
1516 2687 1681 2760 usitatius
1698 2702 1750 2759 est
1763 2689 1869 2760 bonis
1886 2687 2087 2778 autoribus.
2109 2682 2198 2756 hacc
2213 2711 2313 2777 cepa,

1321 2813 1447 2880 cepae,
1474 2785 1548 2858 bae
1566 2815 1691 2880 cepae,
1718 2816 1901 2883 ceparum.
1951 2799 1953 2804 '

1390 2879 1576 2996 Ovidius
1595 2885 1920 3012 [Fast.111,540.]:
1950 2889 2140 2963 Caedenda
2158 2855 2312 2961 3322133-

1321 2965 1370 3094 ti's
1378 2969 1486 3062 eruta
1505 3011 1590 3086 cepa
1608 2996 1708 3066 meis.
1742 2992 1920 3066 luvenalis
1937 2974 2031 3096 [Sal.
2049 2989 2096 3065 15
2098 2989 2194 3091 ,.;9]
2221 2993 2312 3070 Por·

1320 3088 1402 3202 rum
1418 3110 1454 3184 et
1471 3121 1555 3189 cepo
1573 3095 1678 3206 nefas
1689 3079 1812 3169 morsu
1829 3097 1977 3168 violare.
2078 3103 2087 3199 Ἰ
2173 3193 2176 3200 1

1769 3248 1923 3326 232.ΙΙ

1367 3364 1586 3440 ¹‘livertare
1602 3382 1697 3452 sunt,
1723 3382 1763 3440 ut
1779 3353 1928 3491 gummi,
1954 3326 2107 3463 suntque
2121 3370 2196 3438 fere
2211 3390 2312 3460 pere-

1320 3472 1441 3561 griua,
1472 3483 1514 3539 ut
1533 3472 1662 3563 sinapi.

1757 3622 1871 3719 an.

1338 3728 1342 3737 ’
1423 3743 1554 3811 Omnia
1576 3742 1772 3833 genitivum
1797 3713 1957 3814 formant
1979 3743 2036 3811 nis
2057 3741 2220 3845 33333213
2245 3767 2311 3814 no-

1320 3845 1513 3916 minativis·
1553 3846 1621 3915 Sed
1638 3859 1780 3916 mutant
1795 3873 1847 3943 3,.
1855 3872 1984 3943 quae
1967 3849 2013 3916 do
2030 3859 2092 3915 aut
2108 3872 2152 3937 go
2169 3844 2310 3916 finiunt.

1318 3946 1491 4017 Retinent
1512 3950 1587 4018 sere
1611 3962 1749 4021 caetera
1774 3964 1870 4031 tum
1876 3938 2094 4032 masculina,
2134 3962 2210 4019 tum
2236 3950 2311 4018 ioe-

1319 4051 1470 4120 minino.

1700 4186 1928 4276 Paradigma.

1422 4285 1480 4356 bic
1502 4287 1639 4355 ardelio
2335 4356 2337 4363 .

1422 4387 1527 4460 buius
1552 4390 1746 4460 ardelionis
1814 4389 1975 4461 Genitivi
1989 4389 2091 4481 longi
2101 4401 2193 4460 suut
2205 4412 2308 4479 prae·

1421 4490 1504 4562 huic
1525 4492 1703 4562 ardelioni
1815 4492 2210 4575 terGestttiattaosdo,
2231 4491 2309 4562 Ma·
2420 4492 2424 4501 '

1421 4591 1526 4664 bunc'
1540 4598 1761 4665 ardeliouem
1815 4595 1962 4666 ced'onis
1977 4593 2037 4689 ⁸¹¹).

1421 4699 1602 4767 oardelio
1654 4760 1657 4765 .

1422 4801 1466 4868 ab
1486 4796 1554 4869 hoc
1573 4797 1789 4899 ardelipt're'.·
1858 4797 1872 4822 '

1704 4919 1909 4992 Pluraliter.

1419 5017 1457 5089 bi
1479 5021 1681 5093 ardeliones

1319 5180 1325 5208 ·.
1418 5119 1549 5193 borurn
1576 5124 1803 5197 ardalionum
1967 5166 1969 5171 ·
2025 5180 2028 5190 .
2240 5168 2248 5180 ·

1416 5221 1473 5296 bis
1490 5226 1741 5298 ardeliouibus
1821 5242 1825 5251 '
1943 5260 1997 5275 ι·
2101 5256 2104 5265 ·

1326 5395 1435 5408 ..·-..·.
1464 5401 1467 5405 .

1347 5478 2304 5558 31)(33333-33333333]13233331333,33.,333393-

1385 5560 1497 5610 313313
1521 5558 1697 5610 2331311113
1723 5525 2306 5643 ,2331μ3311133,333123321113113

1381 5630 1506 5695 tortello,
1524 5631 1698 5693 praecedunt
