5125 6525
255 475 331 549 748
436 506 453 518 ·

255 646 311 717 Bo
359 644 514 739 Quidam
533 636 644 709 homo
660 659 735 705 non
752 650 805 707 est
819 637 929 729 lapis,

258 771 319 818 car
361 746 490 817 Omnis
506 739 618 814 homo
635 740 855 821 estanimal,
879 761 963 827 ergo

258 853 306 920 do
360 848 553 940 Quoddam
569 842 703 911 animal
718 864 793 911 non
812 852 864 911 est
878 840 981 932 lapis.

256 983 306 1055 Fe
358 980 485 1053 Nullus
501 974 611 1047 homo
630 985 683 1044 est
695 974 807 1065 lapis,

258 1086 307 1155 ris
361 1084 518 1175 Quidam
535 1074 645 1147 homo
661 1088 714 1145 est
727 1073 879 1158 animal,
905 1095 989 1163 ergo

260 1210 307 1257 on
364 1185 556 1277 Quoddam
571 1178 705 1248 animal
721 1201 796 1246 uon
811 1187 863 1246 est
875 1175 978 1265 lapis.

258 1324 377 1413 Atque
400 1314 468 1387 hae
492 1326 575 1387 sunt
596 1312 883 1405 syllogismorum
909 1311 1061 1401 figurae,
1094 1329 1245 1399 quarum

259 1421 398 1493 duabus
408 1432 500 1489 recte
511 1417 562 1486 uti
570 1438 696 1508 queas;
715 1414 857 1483 tertiam
875 1408 1057 1502 repudiari
1075 1408 1178 1478 velim
1187 1405 1247 1502 ⁸¹).

261 1521 446 1616 Quidquid
483 1529 776 1608 argumentorum
812 1516 851 1582 in
880 1509 1056 1582 rhetorica
1090 1506 1246 1580 themata

260 1624 446 1709 inciderit,
468 1621 611 1710 colliges
627 1619 887 1709 concludesque
903 1616 941 1682 in
958 1612 1154 1705 syllogismi
1176 1613 1248 1680 for·

262 1751 376 1811 mam,
416 1737 456 1793 ut
483 1722 556 1791 vim
588 1720 806 1809 argumenti,
847 1718 970 1807 probis
992 1715 1249 1803 circumscripti

261 1825 444 1909 formulis,
471 1834 568 1892 certo
588 1818 881 1911 comprehendas.
921 1818 1025 1889 Nunc
1041 1820 1085 1885 de
1103 1814 1249 1909 reliquis

263 1924 538 2019 argumentandi
551 1922 697 2008 formis,
725 1946 813 2016 quas
828 1924 938 1991 ferme
954 1920 1075 1989 licebit
1087 1919 1124 1986 in
1143 1919 1251 2010 syllo-

262 2031 394 2121 gismos
427 2038 651 2109 convertere,
679 2037 714 2093 et
741 2026 786 2092 ad
817 2023 1011 2116 syllogismi
1033 2034 1249 2091 structuram

265 2156 328 2201 cen
344 2130 504 2220 regulam
521 2128 672 2217 exigere.

536 2294 598 2363 De
631 2288 978 2386 enthymemate.

368 2431 641 2506 Observandum
664 2441 717 2499 est
739 2441 919 2515 accurate,
943 2430 1042 2521 quod
1064 2426 1252 2496 admonui·

265 2563 345 2610 mus
367 2559 473 2627 supra
497 2538 540 2603 de
556 2532 784 2625 syllogismo,
810 2543 849 2600 ut
864 2529 1057 2599 dialecticis
1071 2553 1152 2598 cum
1171 2524 1251 2598 rhe-

266 2641 403 2710 toribus
418 2634 620 2708 conveniat.
671 2630 809 2701 Eadem
830 2632 924 2701 enim
948 2631 1043 2700 ratio
1064 2653 1252 2719 argumen-

265 2740 365 2812 tandi
390 2740 485 2830 apud
508 2732 669 2806 rhetores
684 2748 718 2802 et
735 2735 937 2804 dialecticos
957 2745 1028 2817 est,
1056 2734 1252 2825 eademque

266 2853 558 2933 argumentorum
575 2849 772 2921 structura,
799 2836 885 2921 nisi,
907 2837 1007 2929 quod
1024 2835 1155 2904 certior
1177 2834 1252 2901 dia-

265 2944 408 3030 lectica,
439 2941 588 3010 liberior
617 2932 797 3006 rhetorica
830 2949 894 3008 est.
961 2935 1103 3029 Quare,
1145 2959 1251 3027 quem

265 3043 442 3116 dialectici
462 3042 707 3135 syllogismum
726 3051 872 3123 vocant,
898 3037 1012 3108 tribus
1027 3036 1174 3106 vocibus
1190 3048 1253 3106 aut

266 3150 405 3219 duobus
421 3143 662 3237 pronuntiatis
681 3142 862 3210 collectam
884 3138 1169 3221 conclusionem,
1196 3137 1253 3208 ci-

267 3275 348 3323 cero
365 3246 678 3320 ratiocinationem
697 3255 816 3328 vocat,
843 3241 1087 3336 Quintilianus
1101 3236 1253 3332 Epiche·

265 3378 384 3434 rema;
423 3350 541 3423 sedin
566 3347 858 3430 ratiocinatione,
891 3370 952 3414 seu
981 3336 1252 3434 epicheremate,

266 3467 408 3547 praeter
431 3451 603 3545 simplicis
625 3450 813 3542 brevisque
835 3446 1031 3540 syllogismi
1054 3459 1190 3537 partes,
1232 3469 1250 3513 a

266 3554 469 3641 rhetoribus
485 3551 715 3645 probationes
731 3549 1045 3641 pronuntiaturum
1062 3570 1253 3617 numeran-

266 3673 337 3744 tur.
387 3654 436 3725 Et
457 3657 550 3724 inter
564 3652 807 3746 syllogismum
832 3664 868 3720 et
890 3645 1112 3740 epicherema
1137 3649 1253 3742 (quod

268 3759 392 3830 Cicero
424 3755 733 3824 ratiocinationem
767 3757 887 3842 vocat)
922 3751 1092 3821 interesse
1121 3750 1254 3820 Fabius

268 3873 403 3943 censet,
430 3858 526 3951 quod
546 3855 769 3947 syllogismus
791 3865 928 3922 constet
952 3853 1157 3922 necessariis
1180 3876 1254 3920 cer-

269 3962 383 4054 tisque
417 3957 677 4053 pronuntiatis,
725 3950 960 4044 Epichercma
997 3953 1253 4042 probabilibus.

267 4063 377 4157 Atqui
393 4059 460 4130 hoc
477 4059 647 4129 materiae
662 4057 853 4129 discrimen
869 4068 932 4126 est.
984 4054 1091 4145 Quod
1113 4057 1160 4123 ad
1181 4058 1253 4124 for-

268 4193 362 4234 mam
389 4178 423 4234 et
445 4176 659 4235 structuram
685 4161 810 4231 attinet
832 4152 1121 4248 epicherematis‚
1149 4159 1254 4249 plane

268 4270 381 4340 sciant
396 4266 565 4348 studiosi,
591 4265 684 4332 idem
709 4286 782 4333 esse
800 4255 1035 4351 Epicherema
1058 4284 1121 4330 sen
1143 4259 1253 4329 ratio·

269 4372 484 4441 cinationem
502 4365 717 4450 rhetoribus,
744 4365 839 4457 quod
856 4362 1081 4456 syllogismus
1097 4360 1253 4430 dialecti-

268 4475 317 4543 cis
338 4487 400 4542 est.
453 4472 562 4563 Quod
578 4467 640 4561 qui
658 4467 916 4551 observaverit,
941 4464 1043 4532 facile
1066 4463 1255 4555 explicabit

270 4573 452 4643 Ciceronis
462 4587 496 4640 et
505 4569 719 4663 Quintiliani
731 4568 829 4639 locos
840 4570 883 4636 de
900 4567 1253 4657 argumentationum

268 4674 404 4744 formis.
457 4672 663 4756 Caeterum,
689 4684 729 4740 ut
746 4665 813 4738 hoc
837 4673 952 4738 obiter
976 4672 1161 4752 adnotem,
1191 4691 1253 4736 vo-

270 4777 432 4845 cabulum
457 4771 677 4864 epicherema
695 4770 822 4842 Graeci
838 4796 903 4862 pro
922 4795 1134 4864 quocunque
1150 4794 1252 4860 argu·

270 4891 392 4947 mento
423 4877 660 4944 communiter
688 4887 879 4966 usurpant,
917 4872 1180 4967 significatque,
1213 4883 1254 4941 ut

270 4992 404 5049 veteres
419 4991 676 5069 exposuerunt,
704 4978 976 5066 aggressionem,
1002 4970 1070 5043 hoc
1088 4987 1149 5060 est,
1174 4999 1253 5044 sen·

773 459 899 537 enti..
925 461 1039 535 Mlti..
1065 455 1268 533 SCRIPTA
1292 453 1424 529 vitan
1448 453 1752 531 annuntiant

2224 401 2337 600 el

1165 651 1171 664 ’
1296 629 1488 700 dialecticis
1522 630 1629 719 plane
1666 626 1833 695 convenit
1866 622 2095 712 rhetoribus,
2146 626 2293 695 eandem

1297 734 1391 801 enim
1410 743 1703 823 argumentorum
1720 731 1886 813 formam,
1911 730 2120 821 eodemque
2138 729 2293 815 nomine,

1297 830 1545 926 enthymema,
1584 845 1618 901 et
1648 827 1829 917 rhetores,
1871 843 1906 899 et
1935 829 2121 900 dialectici
2158 844 2293 902 vocant.

1296 934 1360 1006 Est
1389 948 1508 1005 autem
1538 929 1765 1027 enthymema
1798 933 2025 1023 imperfectos
2049 932 2294 1025 syllogismus,

1297 1034 1365 1108 hoc
1382 1049 1452 1123 est,
1477 1048 1540 1106 aut
1556 1036 1672 1104 maior
1688 1060 1768 1105 cum
1792 1036 2038 1117 conclusione,
2064 1048 2135 1115 ut,
2163 1033 2295 1105 Omnes

1298 1140 1458 1208 civitates
1481 1142 1582 1207 decet
1604 1136 1739 1228 legibus
1763 1138 1994 1208 constituere:
2039 1132 2214 1207 Athenas
2237 1138 2294 1228 igi·

1299 1254 1362 1311 tur
1379 1242 1480 1309 dccet
1502 1240 1637 1330 legibus
1660 1239 1887 1309 constituere.
1951 1239 2073 1332 Atque
2107 1234 2175 1308 hic
2203 1239 2294 1311 vides

1299 1342 1467 1413 omissam
1504 1342 1693 1411 minorem.
1765 1339 1838 1411 Aut
1874 1340 1994 1409 minor
2026 1365 2118 1410 cum
2156 1342 2295 1410 conclu·

1299 1445 1420 1530 sionc',
1444 1455 1502 1529 ut,
1526 1443 1643 1515 Nemo
1665 1442 1757 1512 male
1782 1442 1834 1512 uti
1857 1441 1987 1512 virtute
2010 1455 2162 1534 potest:
2196 1442 2293 1513 Bosa

1300 1547 1408 1637 igitur
1425 1545 1538 1616 virtus
1562 1558 1624 1615 est.
1677 1544 1744 1612 llic
1765 1544 1893 1615 omissa
1918 1544 2035 1614 maior
2058 1556 2141 1615 est:
2175 1542 2216 1614 ld
2235 1548 2293 1616 bc·

1238 1712 1247 1728 ,
1300 1673 1386 1717 num
1403 1671 1497 1732 esse,
1523 1671 1594 1741 quo
1612 1669 1719 1716 nemo
1743 1647 1835 1716 male
1859 1647 1911 1716 uti
1934 1658 2064 1737 potest.
2125 1647 2292 1718 Absolve

1300 1751 1409 1841 igitur
1426 1744 1673 1841 enthymema,
1707 1749 1842 1817 adiecta
1865 1763 1928 1816 aut
1952 1748 2116 1835 maiore,
2154 1762 2219 1819 ant
2234 1749 2293 1816 mi-

1301 1876 1389 1922 nore
1405 1851 1662 1943 propositione.
1713 1850 1805 1922 Nam
1823 1863 1903 1920 utra
1919 1849 2021 1935 desit,
2048 1851 2135 1942 ipse
2150 1866 2295 1921 naturae

1301 1978 1425 2025 sensus
1445 1954 1597 2039 indicat,
1622 1964 1657 2021 ιι
1680 1954 1874 2022 exercenda
1898 1965 1950 2021 est
1970 1951 2167 2052 inventu*
2214 1953 2295 2024 Par·

1303 2069 1355 2126 tes
1373 2052 1649 2147 enthymematis
1661 2053 1850 2140 dicuntur,
1882 2051 2195 2143 antecedens,''et
2219 2077 2295 2125 coo·

1302 2180 1465 2252 sequens.
1512 2157 1620 2248 Quod
1636 2157 1666 2227 si
1688 2157 1726 2225 in
1748 2158 1977 2227 antecedente
1997 2169 2036 2226 et
2053 2169 2295 2252 consequente

1302 2261 1396 2330 idem
1416 2271 1468 2329 est
1485 2260 1701 2343 subiectum,
1726 2262 1825 2328 deest
1840 2260 1976 2344 maios,
2002 2272 2065 2329 nt:

1455 2359 1602 2432 Clodius
1618 2360 1806 2431 insidiator
1819 2371 1892 2445 est,
1916 2383 2002 2451 ergo

1458 2462 1603 2567 Clodius
1619 2464 1696 2534 iure
1712 2486 1833 2533 caestu
1846 2474 1910 2532 est.

1304 2561 1434 2634 Deesse
1455 2567 1628 2635 maiorem
1650 2565 1765 2633 vides:
1798 2561 1878 2633 lure
1901 2563 2100 2634 insidiator
2125 2576 2169 2635 nt
2192 2560 2293 2634 hostis

1304 2667 1489 2738 occiditur.
1530 2668 1639 2761 Quod
1652 2667 1683 2737 si
1700 2667 1738 2735 in
1755 2667 1985 2736 antecedente
2001 2678 2042 2735 et
2056 2679 2295 2761 consequente

1304 2768 1397 2837 idem
1426 2771 1670 2861 praedicatum
1694 2780 1763 2852 est,
1788 2769 2037 2853 deestminor,
2064 2780 2126 2854 ut,
2155 2767 2295 2848 lnsidia·

1305 2887 1362 2943 tor
1384 2886 1424 2940 ιιι
1448 2867 1561 2943 hostis
1590 2872 1666 2941 iure
1687 2869 1881 2952 occiditur,
1915 2869 2067 2941 Clodius
2087 2870 2203 2961 igitur
2223 2873 2294 2940 iure

1305 2998 1426 3044 caesus
1447 2972 1568 3070 est⁸¹).

1406 3074 1453 3143 Et
1481 3076 1519 3143 in
1548 3071 1644 3143 hunc
1670 3076 1817 3142 modum
1847 3073 2037 3144 mutilatus
2058 3074 2294 3167 syllogismus,

1304 3179 1419 3246 forma
1444 3189 1497 3246 cst
1517 3170 1805 3268 enthymematis.
1861 3174 2108 3268 Quintilianus
2131 3177 2234 3246 alind
2255 3197 2295 3246 ex

1305 3280 1545 3372 pugnantibus
1567 3279 1686 3360 duxit,
1711 3278 1808 3348 aliud
1824 3301 1866 3346 ex
1883 3279 2204 3371 consequentibns,
2230 3290 2294 3348 etc.

1305 3405 1397 3478 quae
1421 3382 1550 3453 divisio
1568 3404 1643 3449 non
1658 3381 1704 3448 ad
1720 3381 1874 3449 formam
1889 3376 2162 3472 enthymematis
2179 3381 2294 3469 perti·

1304 3485 1432 3567 nebat,
1456 3487 1518 3555 sed
1540 3485 1587 3552 ad
1609 3483 1725 3563 locos,
1758 3484 1852 3553 unde
1876 3483 2035 3552 omnium
2057 3494 2294 3570 argumento·

1304 3612 1385 3657 rum
1406 3587 1572 3657 materies
1591 3585 1737 3675 petitur.
1787 3583 1863 3653 lam
1887 3584 2091 3677 syllogismo
2109 3583 2149 3651 in
2167 3583 2289 3665 certis,

1304 3702 1341 3758 et
1367 3713 1461 3781 quae
1483 3688 1636 3757 convelli
1667 3710 1741 3756 non
1772 3699 1922 3778 possunt
1951 3687 2133 3768 crebrius,
2165 3681 2294 3776 euthy-

1305 3802 1459 3860 memate
1476 3790 1697 3883 frequentius
1712 3788 1750 3857 in
1767 3789 2013 3880 probabilibus
2032 3788 2200 3871 utimur,
2224 3810 2293 3881 qno

1305 3896 1363 3976 lit,
1399 3905 1440 3962 ut
1471 3892 1648 3962 familiare
1676 3891 1723 3961 sit
1756 3892 1891 3982 poetis,
1912 3890 1966 3960 sic
1995 3893 2098 3981 apud
2122 3889 2292 3961 Ovidium

1306 3994 1435 4065 omissa
1467 3994 1607 4064 minore
1640 3994 1855 4086 syllogismi,
1884 3987 2122 4086 enthymema
2151 4006 2225 4077 est,
2258 4016 2294 4065 es

1307 4098 1443 4166 maiore
1462 4096 1755 4166 etconclnsione:
1793 4164 1800 4174 ,

1306 4199 1462 4293 Quando
1488 4223 1554 4288 ego
1575 4221 1650 4266 non
1673 4197 1777 4267 timui
1792 4199 1970 4288 „graviora
1993 4197 2162 4287 pericula
2186 4193 2294 4267 veris?

1355 4301 1427 4372 Res
1443 4315 1495 4373 est
1509 4300 1651 4370 solliciti
1667 4302 1771 4391 plena
1787 4299 1928 4371 timoris
1940 4297 2122 4394 'amor'').

1305 4424 1528 4492 Antecedens
1552 4421 1647 4487 enim
1680 4433 1752 4502 est,
1787 4440 1947 4487 amorem
1976 4416 2125 4487 solliciti
2162 4416 2295 4485 timoris

1305 4528 1449 4618 plenum
1473 4546 1566 4603 esse,
1593 4521 1841 4615 consequitur,
1867 4544 1904 4590 se
1921 4520 2105 4602 timuisse,
2137 4521 2195 4588 vel
2210 4541 2295 4614 qnae

1305 4628 1379 4697 lieri
1403 4648 1478 4693 non
1502 4637 1658 4715 possent.
1710 4622 1790 4709 Est,
1817 4623 1876 4692 nbi
1900 4633 2040 4691 constat
2061 4617 2295 4715 enthymema

1304 4755 1346 4800 ex
1363 4729 1502 4798 minore
1520 4739 1556 4794 et
1574 4726 1822 4808 conclusione,
1844 4739 1900 4794 ut:

1304 4831 1520 4927 Quaeritur,
1546 4824 1735 4919 Aegisthus
1752 4851 1864 4921 quare
1879 4825 1925 4896 sit
1938 4826 2053 4895 factus
2068 4827 2234 4898 adulter.

1352 4933 1393 5003 ln
1409 4943 1580 5025 promptu
1595 4954 1717 5001 caussa
1734 4943 1803 5000 est:
1831 4928 2027 4998 desidiosus
2044 4926 2202 5023 erat⁸').

268 5083 435 5165 tentiam,
462 5104 530 5173 qna
556 5078 759 5163 adorimur,
786 5091 847 5146 aut
872 5076 1098 5167 aggredimur
1121 5100 1252 5167 propo·
1302 5054 1420 5148 Alque
1440 5065 1481 5122 ¹¹²
1500 5051 1538 5118 5¹¹
1562 5049 1683 5142 Pfl⁰¹¹⁰
1703 5048 1857 5125 f⁰¹¹¹¹⁰l³
1886 5048 2230 5141 pascentium,
2254 5046 2295 5115 3¹²

268 5184 374 5254 situm
406 5177 547 5264 thema,
585 5206 646 5250 seu
669 5179 944 5250 conclusionem.
1002 5178 1131 5248 Omnis
1156 5179 1250 5248 enim

269 5283 448 5372 conclusio
464 5297 515 5354 est
533 5277 649 5351 thema
669 5284 906 5374 probandum.
939 5275 1152 5373 Syllogismo
1169 5305 1252 5371 pro·

266 5387 402 5458 ximum
427 5399 498 5472 est,
523 5388 619 5481 quod
639 5381 876 5478 Enthymcma
900 5397 1049 5469 vocant,
1077 5407 1251 5478 quocum

190 5633 193 5637 .
300 5588 349 5648 6³)
367 5591 468 5639 Anuot.
487 5600 590 5651 marg:
618 5586 695 5634 Dnse
713 5587 819 5634 tautum
842 5584 948 5648 dgorm
972 5585 1138 5648 probentur,
1168 5580 1253 5631 tertts

335 5656 468 5707 rstlettur.

1304 5156 1342 5225 in
1364 5153 1561 5247 posteriore
1583 5153 1662 5244 plus
1686 5165 1739 5223 est
1761 5150 1907 5243 gratiae.
1957 5149 2160 5222 Studiosae
2181 5153 2296 5224 inven-

1304 5259 1388 5328 tutis
1416 5259 1483 5325 erit
1506 5253 1569 5326 has
1590 5268 1882 5346 argumentorum
1906 5252 2083 5323 formulas
2108 5253 2153 5323 in
2178 5255 2296 5350 poetis.

1304 5382 1508 5398 ,ιι-..-

1337 5443 1386 5509 64)
1404 5446 1504 5492 annot.
1521 5454 1624 5504 nug:
1644 5442 1718 5493 llaec
1731 5441 1855 5505 exempta
1871 5439 2010 5505 pertinent
2027 5441 2065 5491 sd
2088 5444 2217 5505 prim
2234 5446 2296 5508 tgr-

1371 5523 1430 5562 rasa
1450 5512 1686 5575 syllogismorum.

1338 5579 1386 5645 65)
1407 5578 1485 5632 0vld.
1506 5580 1591 5640 Epist.
1606 5581 1628 5641 l,
1643 5581 1670 5626 ll
1685 5591 1726 5639 se.

1336 5649 1385 5714 ee)
1404 5649 1482 5700 ovid.
1502 5648 1611 5696 aeneo.
1629 5657 1684 5700 sm.
1704 5646 1749 5695 161
1764 5658 1805 5708 sq.
