5125 6525
260 435 341 513 :rso
695 408 756 500 fr
885 433 1007 506 euru.
1035 432 1150 506 uun.
1177 432 1382 504 sontem
1405 430 1674 504 auronius
1807 446 1820 480 ·-
2073 487 2077 496 ,
2217 419 2299 511 sco

259 610 333 679 iam
355 605 544 679 consilium
572 609 616 675 de
642 629 685 674 eo
708 606 803 674 bello
827 609 1007 678 movendo
1032 607 1249 676 adsalutem
1303 603 1493 675 crementis
1533 603 1660 694 exiguo
1702 608 1895 674 admodum
1938 618 2098 697 tempore
2132 609 2301 698 potentia

224 779 232 805 ,
259 713 370 783 totius
404 710 500 780 orbis
535 704 730 778 Christiani
765 710 986 800 pertinebat,
1026 708 1251 778 existimabat
1302 708 1504 777 'furcarum
1531 720 1633 777 aucta
1652 720 1761 789 esset,
1787 720 1953 777 nontam
1972 709 2103 778 virtute
2121 707 2300 800 ipsorum,

260 814 392 887 Caesar
412 824 489 883 tum
514 812 658 881 demum
686 835 726 879 ea
750 812 794 879 de
814 836 854 881 re
871 837 944 884 esse
960 812 1186 881 referendum
1204 813 1250 880 ad
1303 835 1410 904 quam
1436 806 1723 882 Christianorum
1749 809 1888 899 Regum
1908 835 1971 881 seu
1994 813 2210 903 negligentia
2236 839 2302 888 seu

258 915 465 1007 Principes,
502 938 582 983 cum
620 914 821 983 advenisset
847 912 1002 1004 [regatus
1029 914 1250 997 Pontificius,
1284 912 1480 984 .intestinis
1497 913 1703 984 discordiis:
1732 914 1863 983 adiecit
1879 938 1915 983 se
1932 937 1974 981 eo
1991 914 2058 984 ista
2076 917 2174 1005 apud
2191 916 2297 986 Prin·

260 1032 300 1090 ut
322 1018 435 1109 magis
458 1016 607 1107 intelligi
630 1028 769 1108 posset,
803 1012 896 1086 hanc
916 1030 1052 1086 tantam
1075 1041 1151 1085 rem
1175 1040 1250 1086 non
1302 1018 1398 1108 cipes
1413 1013 1560 1106 lmperii
1574 1017 1690 1108 queri,
1715 1018 1799 1108 quia
1819 1012 1903 1085 huic
1920 1016 2059 1085 nationi
2076 1017 2297 1109 Germaniae

258 1121 401 1215 privato
433 1119 491 1209 agi
515 1119 685 1200 consilio,
716 1121 778 1189 sed
800 1143 842 1188 ex
865 1121 981 1189 officio
1007 1117 1250 1210 Imperatoris,
1301 1118 1493 1210 praecipue
1517 1119 1704 1189 commissa
1731 1131 1821 1188 esset
1844 1118 2002 1188 defensio
2020 1116 2219 1190 Christiani
2239 1146 2298 1191 or·

183 1301 188 1313 ,
259 1237 294 1294 et
313 1222 496 1313 flagitante
517 1221 867 1304 summoPoutilice,
894 1223 1041 1291 nomine
1062 1224 1250 1292 universae
1301 1223 1375 1303 bis,
1401 1245 1468 1290 nec
1491 1220 1602 1291 alium
1626 1220 1764 1290 Ducem
1789 1222 1878 1291 tanti
1901 1221 1986 1289 belli
2014 1222 2091 1292 iure
2113 1224 2298 1314 designari

257 1325 436 1398 Ecclesiae
459 1320 703 1412 Christianae,
736 1326 835 1418 quod
865 1350 932 1416 pro
959 1326 1127 1395 universo
1151 1326 1250 1407 orbe,
1301 1347 1424 1416 posse,
1449 1322 1517 1392 nisi
1531 1321 1803 1414 Imperatorem.

259 1430 357 1499 velut
376 1428 414 1495 in
433 1427 587 1497 statione
614 1451 686 1496 esse
708 1451 868 1497 summus
889 1428 1055 1497 Pontifex
1080 1440 1114 1496 et
1135 1425 1250 1517 lmpe-
1404 1426 1526 1518 Quare
1543 1422 1635 1494 hanc
1649 1411 1853 1507 nationem,
1879 1439 1920 1493 ut
1934 1426 2072 1495 excellit
2084 1452 2161 1497 non
2177 1430 2297 1499 solum

258 1543 358 1600 rator
385 1531 550 1600 debeant.
608 1532 727 1622 Atque
758 1524 852 1598 hanc
885 1531 1094 1621 opinionem
1128 1531 1250 1619 profu·
1301 1527 1413 1618 gloria
1438 1528 1490 1597 rei
1514 1528 1701 1610 militaris,
1726 1530 1788 1599 sed
1813 1530 1919 1597 etiam
1944 1525 2091 1619 lmperii
2108 1531 2298 1623 dignitate,
2333 1593 2338 1609 ,

257 1647 377 1708 turam
419 1631 663 1701 arbitrabatur
705 1633 751 1699 ad
784 1635 1009 1702 accendenda
1042 1632 1158 1703 studia
1192 1657 1249 1701 ex·
1301 1630 1457 1721 primum
1482 1631 1611 1712 disere
1634 1656 1735 1700 arma
1760 1655 1908 1721 capere,
1943 1634 2119 1701 anteferre
2140 1635 2299 1725 privatis

257 1748 418 1806 terarum
440 1734 630 1803 nationum
655 1757 697 1801 ac
717 1734 880 1823 Regum,
919 1760 1073 1828 quorum
1099 1736 1250 1803 aderant
1301 1732 1485 1802 affectibus
1507 1757 1734 1802 communem
1760 1734 1911 1803 salutem
1935 1732 2130 1817 Ecclesiae,
2163 1750 2198 1804 et
2221 1734 2298 1805 lm-

257 1837 384 1928 legati,
419 1849 454 1904 et
484 1839 530 1904 ad
561 1836 762 1905 voluntates
790 1836 999 1929 Principum
1031 1837 1248 1907 Germaniae
1302 1836 1391 1925 perii
1416 1836 1639 1926 dignitatem.
1694 1837 1765 1907 Nec
1788 1837 1892 1905 nobis
1915 1836 2001 1904 alibi
2021 1836 2159 1906 Ducem
2182 1863 2298 1931 quae-

257 1937 469 2018 incitdndas.
1301 1940 1452 2007 rendum
1478 1963 1573 2021 esse,
1605 1962 1671 2007 nec
1695 1940 1879 2008 nationem
1909 1953 2091 2009 amantem
2119 1940 2297 2012 libertatis

360 2041 450 2112 Cum
475 2040 583 2130 igitur
606 2043 750 2110 tandem
768 2065 890 2113 mense
906 2045 1068 2134 Augusto
1087 2041 1250 2111 advenis·
1301 2035 1419 2129 cogi,
1435 2053 1475 2109 ut
1495 2040 1649 2110 externis
1673 2041 1832 2132 imperiis
1856 2054 1992 2133 pareat.
2058 2042 2202 2113 Habere
2229 2067 2296 2115 nos

256 2157 310 2216 set
323 2144 471 2234 legatus,
497 2142 627 2232 egressi
643 2143 787 2212 obviam
805 2144 936 2214 Caesar
953 2158 989 2214 et
1004 2168 1129 2214 omnes
1143 2142 1249 2212 Prin·
1301 2142 1611 2225 Maximilianum,
1638 2143 1701 2236 qui
1725 2144 1934 2234 prudentia,
1968 2145 2119 2228 virtute,
2145 2145 2296 2215 scientia

257 2248 354 2338 cipes
367 2245 598 2327 Germaniae,
623 2258 704 2315 ante
720 2258 843 2336 portas
856 2247 955 2318 urbis
969 2247 1150 2338 Augustae
1167 2271 1248 2315 eum
1301 2246 1354 2314 rei
1388 2245 1574 2327 militaris,
1607 2269 1682 2314 uon
1716 2247 1832 2317 solum
1868 2258 2027 2316 caeteros
2060 2246 2196 2337 Reges,
2231 2250 2297 2319 sed

257 2348 444 2438 magnifice
470 2360 695 2437 exceperunt.
746 2348 833 2419 Post
857 2350 933 2420 dies
959 2350 1099 2443 aliquot
1118 2348 1250 2419 Caesar
1301 2348 1409 2417 etiam
1431 2348 1646 2419 clarissimos
1666 2373 1707 2417 ac
1730 2348 1963 2439 peritissimos
1988 2350 2151 2420 omnium
2175 2352 2296 2420 natio-

258 2448 428 2522 adhibitis
450 2449 678 2541 Principibus
700 2462 736 2518 et
759 2453 921 2540 omnium
946 2451 1085 2542 Regum
1119 2476 1161 2519 ac
1184 2475 1249 2520 na·
1300 2475 1387 2521 num
1411 2450 1615 2532 excelleret,
1645 2474 1711 2519 nec
1734 2451 1878 2522 destitui
1901 2476 1982 2519 eum
1998 2452 2167 2522 felicitate
2182 2453 2221 2521 in
2236 2476 2296 2523 re·

256 2555 397 2624 tionum
423 2552 569 2641 legatis,
601 2552 639 2620 in
666 2551 821 2621 maxima
849 2554 1051 2647 frequentia
1085 2554 1248 2623 omnium
1299 2554 1366 2623 bus
1388 2554 1573 2642 gerendis,
1599 2564 1635 2622 et
1650 2552 1766 2623 Deum
1789 2554 1895 2623 rectis
1914 2566 1949 2622 et
1969 2554 2038 2645 piis
2054 2555 2230 2638 consiliis,
2257 2568 2295 2625 et

256 2655 438 2737 ordinum,
465 2654 701 2732 eumaudivit
715 2669 952 2746 exponentem
967 2657 1137 2734 mandata
1153 2681 1249 2741 surn-
1300 2654 1479 2725 Ecclesiae
1496 2655 1589 2726 votis
1607 2656 1802 2726 affuturum
1820 2680 1906 2726 esse.

147 2815 152 2822 .
255 2759 308 2828 mi
320 2756 525 2839 Pontifiois,
551 2769 587 2826 et
607 2753 812 2828 hortantem
837 2758 980 2850 publico
1003 2760 1151 2828 nomine
1169 2758 1249 2827 uni·
1402 2756 1499 2827 llaec
1527 2758 1644 2827 oratio
1669 2782 1750 2827 cum
1777 2759 1906 2829 iustam
1932 2772 1968 2826 et
1993 2782 2140 2848 gravem
2166 2783 2297 2853 quere·

257 2883 379 2929 versae
398 2856 576 2928 Ecclesiae
594 2855 740 2960 Christi,
767 2862 959 2951 praecipue
976 2860 1248 2951 lmperatorem,
1300 2858 1371 2926 lam
1395 2854 1594 2943 habuisset,
1628 2872 1664 2930 et
1686 2885 1769 2931 vere
1793 2873 2127 2943 commemorasset,
2154 2875 2295 2955 quanto

257 2962 386 3032 deinde
401 2959 601 3052 Principes,
626 2975 662 3029 et
675 2960 815 3051 Regum
833 2963 981 3053 legatos,
1008 2975 1048 3031 ut
1064 2962 1249 3033 communi
1300 2960 1339 3028 iu
1358 2962 1517 3051 periculo
1541 2973 1633 3032 esset
1653 2963 1820 3034 universa
1838 2962 2016 3046 Ecclesia,
2045 2988 2153 3057 quarn
2178 2965 2297 3055 pium,

256 3064 407 3135 consilio
421 3076 529 3158 atque
546 3063 669 3132 animo
684 3065 818 3133 bellum
834 3066 935 3155 pium
952 3082 987 3135 et
1007 3065 1248 3136 necessarium
1300 3088 1409 3156 quam
1434 3065 1674 3137 necessarium
1699 3079 1810 3148 esset,
1838 3090 1961 3135 omnes
1987 3067 2101 3137 bonos
2119 3090 2162 3135 ac
2180 3068 2295 3138 fortes

255 3168 330 3237 iam
352 3168 497 3237 tandem
515 3165 754 3258 susciperent:
781 3180 821 3236 ut
837 3167 1027 3237 Graeciam
1045 3181 1154 3261 atque
1169 3168 1248 3238 Asi·
1300 3165 1397 3236 viros
1426 3168 1472 3234 ad
1500 3161 1569 3235 hoc
1595 3167 1794 3258 periculum
1817 3170 2068 3260 depellendum
2093 3192 2296 3255 accurrere,

255 3295 315 3341 em
351 3294 393 3340 ex
424 3269 628 3360 turpissima
662 3283 697 3339 et
719 3271 920 3340 miserrima
942 3271 1111 3341 servitute
1134 3273 1249 3363 eripe·
1299 3292 1375 3337 non
1396 3271 1513 3339 solum
1531 3270 1663 3341 summi
1678 3270 1883 3355 Pontificis,
1909 3274 1970 3343 sed
1986 3271 2098 3363 ipsius
2112 3271 2294 3344 Ecclesiae

255 3385 353 3452 rent;
385 3385 426 3442 ut
455 3368 574 3444 hostes
600 3385 799 3463 grassantes
825 3374 897 3443 iam
921 3373 959 3442 iu
981 3373 1108 3444 vicinis
1130 3375 1248 3463 regnis
1300 3367 1525 3441 Christianae
1558 3397 1629 3441 vox
1659 3397 1732 3444 esse
1763 3375 1999 3445 iudicabatur.
2057 3372 2183 3470 ltaque
2210 3401 2296 3448 cum

255 3475 512 3567 reprimerent;
537 3490 580 3545 ut
596 3477 720 3544 orbem
739 3488 916 3547 terrarum
934 3476 1180 3548 crudelissimo
1197 3477 1248 3544 la·
1300 3473 1433 3544 Caesar
1455 3475 1494 3541 in
1517 3476 1718 3566 praesentia
1734 3500 1846 3567 pauca
1864 3479 2009 3549 dixisset
2025 3480 2147 3548 desua
2165 3479 2295 3551 volun·

255 3578 431 3660 trocinio,
464 3590 499 3646 et
522 3577 692 3667 sacrilega
713 3590 749 3646 et
769 3580 906 3648 nefaria
925 3592 1040 3661 secta,
1063 3591 1247 3649 contume-
1300 3588 1392 3659 tate,
1418 3588 1454 3645 et
1475 3577 1704 3660 ostendisset,
1738 3603 1775 3648 se
1799 3581 1949 3651 summis
1971 3580 2064 3650 votis
2089 3577 2187 3651 hunc
2208 3607 2296 3651 con·

254 3682 345 3751 liosa
366 3681 406 3747 in
422 3676 625 3761 Christum,
650 3680 856 3751 liberarent.
1299 3702 1441 3749 sensum
1464 3678 1655 3749 nationum
1677 3705 1817 3774 semper
1840 3696 1981 3773 optasse
2008 3685 2053 3749 ad
2076 3684 2211 3755 bellum
2238 3686 2294 3754 in·

339 3781 524 3863 ,Addebat
543 3781 652 3848 etiam
677 3782 722 3848 de
738 3781 871 3851 Leonis
890 3781 933 3851 X.
956 3785 1160 3865 voluntate,
1186 3809 1248 3852 ue·
1298 3781 1485 3851 ferendum
1508 3781 1656 3865 Turcis,
1696 3796 1732 3852 et
1759 3785 1945 3855 adiecisset
1973 3786 2017 3852 de
2040 3786 2182 3856 ratione
2205 3788 2294 3856 belli

256 3907 325 3979 que
352 3907 438 3974 opes
462 3882 689 3965 Pontificias,
723 3907 839 3977 neque
865 3883 1052 3954 consilium
1077 3885 1153 3956 eius
1173 3886 1246 3954 ulla
1299 3884 1446 3974 gerendi
1471 3908 1508 3954 se
1533 3910 1613 3954 cum
1639 3884 1867 3977 Principibus
1891 3888 2173 3959 deliberaturum
2197 3914 2292 3960 esse:

255 3987 295 4057 iu
311 3983 651 4061 rehuiccommuui
667 4009 793 4055 causae
809 3988 1013 4056 defuturum
1033 4012 1118 4058 esse.
1169 3986 1247 4057 Hoc
1299 3985 1447 4054 mirifica
1464 4000 1542 4056 erat
1555 3989 1753 4079 expectatio
1775 3990 1937 4059 omnium
1961 3990 2144 4062 ordinum.
2196 3992 2296 4064 Nam

256 4089 407 4160 consilio
429 4086 589 4157 Leonem
617 4086 722 4156 initio
742 4088 977 4159 Pontificatus
999 4090 1137 4161 dedisse
1163 4115 1247 4181 ope·
1299 4112 1379 4157 cum
1403 4112 1528 4160 omnes
1542 4089 1728 4183 Principes
1751 4115 1813 4162 sua
1837 4105 1965 4183 sponte
1987 4093 2118 4185 optime
2134 4095 2295 4164 animati

254 4216 353 4277 ram,
385 4203 426 4262 ut
454 4215 525 4283 pax
550 4188 673 4260 ltaliae
695 4191 961 4275 restitueretur,
995 4218 1075 4263 cum
1100 4193 1246 4286 quidem
1299 4202 1416 4261 essent
1436 4214 1519 4281 erga
1544 4188 1638 4261 hanc
1660 4217 1824 4277 causam,
1850 4197 1911 4265 sed
1931 4196 2093 4265 viderent
2106 4218 2195 4285 opus
2210 4218 2291 4265 esse

254 4294 422 4367 iustiores
443 4293 621 4364 bellorum
637 4296 901 4365 movendorum
916 4319 1040 4366 causas
1053 4292 1247 4380 habuisset,
1299 4295 1345 4362 ad
1360 4316 1437 4362 rem
1454 4306 1593 4363 tantam
1608 4296 1884 4387 suscipiendam,
1909 4298 2207 4390 peritissimorum
2222 4299 2294 4367 de-

255 4422 366 4493 quam
389 4398 552 4492 plerique
575 4408 698 4478 antea;
730 4399 793 4467 sed
815 4397 975 4490 privatas
998 4398 1148 4468 iniurias
1164 4422 1246 4469 eum
1297 4395 1531 4480 liberatione,
1563 4398 1718 4468 maxime
1739 4400 1932 4493 cupiebant
1954 4402 1999 4468 ab
2023 4399 2292 4492 ipso—Caesare,

254 4504 476 4571 condonasse
507 4499 669 4592 publicae
698 4501 920 4584 necessitati,
956 4525 1109 4594 cumque
1133 4514 1246 4570 caete·
1297 4511 1446 4591 propter
1469 4499 1565 4571 illius
1589 4501 1817 4571 excellentem
1840 4503 2091 4594 prudentiam,
2125 4515 2162 4572 et
2184 4529 2292 4574 usum

254 4604 305 4672 ris
328 4602 486 4691 Regibus
507 4598 674 4672 hortator
696 4615 786 4674 esset
810 4603 926 4694 pacis,
959 4605 1112 4674 voluisse
1137 4604 1245 4673 etiam
1298 4601 1336 4669 in
1358 4625 1398 4672 re
1420 4602 1590 4687 militari,
1622 4604 1798 4674 rationem
1817 4606 1970 4696 parandi
1986 4619 2021 4675 et
2036 4608 2186 4696 gerendi
2205 4606 2292 4676 belli

256 4705 419 4795 exemplo
444 4704 531 4795 ipsis
555 4705 694 4797 praeire
717 4719 753 4775 et
773 4705 947 4789 invitare,
973 4718 1014 4774 ut
1038 4706 1177 4779 omissis
1191 4705 1246 4775 in·
1297 4704 1466 4796 proponi.
1519 4704 1608 4774 Cum
1632 4703 1763 4778 Caesar
1786 4708 1836 4778 sic
1859 4709 2004 4780 affectos
2025 4733 2101 4780 esse
2125 4706 2292 4780 animad-

255 4806 394 4878 testinis
427 4807 530 4877 bellis
561 4808 600 4876 in
633 4832 824 4879 commune
851 4807 1090 4879 consulerent.
1148 4809 1245 4902 Opes
1296 4817 1472 4890 verteret,
1493 4808 1591 4877 venit
1605 4808 1645 4876 in
1657 4834 1860 4881 consessum
1875 4810 2086 4903 Principum
2103 4826 2186 4904 post
2201 4837 2292 4906 pauf

254 4933 341 4980 vero
358 4908 564 4981 Pontificias
587 4935 764 5005 nusquam
779 4910 906 4983 melius
922 4911 1109 4994 collocari,
1136 4936 1245 5006 quam
1297 4933 1357 4981 cos
1372 4909 1464 4980 dies:
1491 4935 1644 5004 cumque
1660 4913 1889 4984 consalutatis
1907 4913 1957 4985 eis
1975 4914 2182 5000 assedisset,
2210 4939 2290 4985 coe-

253 5013 294 5083 in
315 5009 412 5085 huno
434 5038 560 5096 usum,
586 5014 721 5084 nullam
745 5014 940 5105 gratiorem
957 5013 1035 5083 Deo
1052 5016 1244 5108 eleemosy·
1296 5012 1350 5103 pit
1368 5036 1546 5104 exponere
1562 5014 1709 5085 consilia
1726 5029 1761 5085 et
1773 5017 1995 5088 voluntatem
2010 5040 2113 5088 suam
2131 5019 2171 5088 in
2195 5014 2291 5089 hanc

254 5140 339 5186 nam
355 5141 459 5209 posse
476 5116 671 5208 praestari,
697 5141 807 5210 quam
827 5112 940 5199 hanc,
968 5141 1038 5211 qua
1054 5129 1108 5187 tot
1123 5131 1244 5209 gentes
1295 5115 1522 5188 sententiam.

254 5219 362 5290 simul
382 5219 589 5290 eservitute
605 5232 640 5288 et
656 5219 841 5310 impietate
859 5215 1104 5312 eriperentur,
1130 5234 1165 5290 et
1182 5244 1244 5290 ne·
1395 5217 1614 5314 Frequentia
1651 5233 1789 5305 vestra,
1827 5246 1919 5316 quae
1953 5235 1990 5292 et
2021 5218 2091 5293 hoc
2123 5236 2287 5317 tempore

253 5320 345 5391 faria
360 5322 528 5415 impietas
546 5321 738 5394 deleretur.
951 5411 957 5424 ι
1296 5321 1488 5415 praecipue
1504 5325 1703 5394 necessaria
1720 5337 1773 5394 est
1786 5325 2024 5417 reipublicae,
2049 5340 2084 5397 et
2100 5322 2194 5396 mihi
2207 5348 2287 5418 per·

234 5509 236 5514 .
358 5423 451 5495 Huic
479 5423 638 5511 orationi
662 5448 742 5493 curn
768 5447 913 5516 gravem
937 5423 1121 5517 querelam
1145 5425 1245 5493 addi·
1295 5436 1418 5514 grata,
1443 5448 1519 5495 non
1541 5426 1690 5497 obscure
1712 5426 1848 5496 indicat
1870 5428 2092 5499 voluntatem
2117 5442 2290 5515 vestram,

253 5526 364 5598 disset
394 5528 438 5597 de
466 5550 591 5596 earum
613 5526 775 5618 gentium
804 5527 1007 5610 aerumnis,
1047 5526 1092 5595 de
1121 5538 1246 5597 contu·
1295 5538 1332 5595 et
1346 5526 1464 5596 studia
1482 5550 1563 5626 ergq
1580 5523 1674 5598 hanc
1688 5552 1853 5616 causam,
1878 5545 2027 5624 propter
2045 5552 2154 5627 quam
2176 5535 2288 5603 domo

254 5629 371 5701 meliis
392 5629 596 5721 religionis,
622 5641 658 5699 et
672 5640 1006 5711 commemorasset,
1032 5628 1179 5724 quantis
1192 5629 1248 5699 iu·
1271 5629 1401 5709 ,exciti
1423 5630 1517 5703 estis.
1575 5629 1667 5703 Cum
1692 5632 1788 5705 enim
1811 5647 1885 5705 tam
1907 5635 2035 5728 cupide
2057 5637 2289 5722 adveneritis,
