5125 6525
269 452 345 527 203
571 503 575 512 ,
851 434 975 509 PHlL.
1010 435 1123 510 sinn
1158 434 1364 508 SCRIPTA
1396 436 1735 512 PHILOLOGICA.
2235 452 2316 524 204

230 655 233 664 .
267 621 420 694 molestia,
450 632 517 672 cnm
544 629 599 688 per
620 610 829 687 'furitrgiacnm
857 611 964 670 saltum
992 620 1025 668 et
1044 608 1182 668 Nariscos
1212 621 1277 668 tuos
1305 611 1435 667 cundum
1459 612 1525 669 erit.
1578 611 1643 672 Etsi
1666 625 1695 672 te
1718 613 1837 690 quidem
1861 614 2026 671 habiturum
2050 614 2186 672 comitem
2210 615 2313 676 Balio.

269 707 394 768 rhodnm
423 701 572 773 audimus,
600 715 667 754 cnm
696 715 753 773 qno
783 696 824 753 ita
853 706 940 753 erunt
970 695 1079 769 multa,
1109 711 1183 769 quae
1206 693 1291 753 voles
1312 714 1346 753 ac
1368 696 1468 772 cupies
1491 689 1650 773 loqui,'-.et
1671 709 1782 756 tantam
1805 700 1844 756 de
1864 699 1945 755 illius
1967 692 2191 778 nvvoptiq'o'et
2212 706 2313 778 capies

269 794 465 869 voluptatem,
497 796 530 842 ιιι
558 799 656 859 neque
685 780 903 839 desideraturus
932 780 1018 838 aliam
1046 779 1297 855 sublevationem,
1335 798 1432 857 neque
1460 782 1731 858 interpellationem
1760 782 1849 842 ullam
1878 782 2056 841 admissurus
2078 801 2143 842 esse
2167 788 2311 846 videaris:

268 881 381 937 Verum
407 875 435 930 ιιι
465 868 654 948 praefectura
682 867 758 924 bunc
786 865 911 924 fortasse
939 864 1124 942 relinquetis.
1180 865 1219 921 At
1241 864 1311 924 inde
1333 868 1420 926 etiam
1442 866 1492 943 qni
1516 882 1569 924 vos
1591 880 1808 945 prosequantur
1831 868 1973 926 habebitis
1996 880 2080 926 notos
2103 866 2251 947 homines,
2280 883 2312 930 et

269 966 311 1025 tui
332 960 465 1037 inprimis
487 966 629 1014 amantes.
678 949 783 1008 Venies
804 952 910 1025 etiam,
932 962 964 1007 nt
986 951 1108 1027 opinor,
1129 948 1168 1007 ad
1191 950 1375 1025 praefectum
1390 951 1486 1029 Regio
1509 953 1616 1026 monti,
1639 954 1721 1014 cuins
1743 951 1909 1012 hnmanitas
1932 966 1962 1010 et
1985 954 2112 1020 suavitas
2133 966 2222 1032 atque
2236 978 2311 1036 pro.

265 1050 347 1110 fecto
369 1048 458 1104 etiam
480 1040 639 1117 sapientia,
666 1055 725 1093 non
747 1036 887 1112 relinquit
910 1036 1006 1092 locum
1026 1035 1131 1093 alienis
1153 1033 1410 1111 disputationibus.
1453 1038 1528 1095 Nam
1551 1037 1629 1108 illic,
1658 1057 1715 1114 qno
1739 1037 1854 1112 tendis,
1876 1041 1934 1095 scio
1958 1038 2011 1096 tibi
2033 1039 2107 1097 tales
2130 1059 2230 1114 curas,
2254 1060 2310 1100 ne.

267 1136 413 1213 gotiorum
441 1141 556 1185 tuorum
587 1121 819 1199 occupationibus
847 1133 878 1178 ιι
906 1120 1044 1180 carissimi
1072 1120 1124 1177 tibi
1150 1120 1235 1177 amici
1263 1120 1416 1199 colloquiis
1445 1122 1564 1199 penitus
1586 1140 1745 1181 excussum
1771 1122 1819 1178 iri.
1871 1122 1934 1182 Sed
1956 1137 1987 1181 tn
2013 1124 2103 1181 habes
2124 1124 2309 1201 Sadoletnm,

270 1238 358 1299 quem
387 1214 512 1273 voluisti.
561 1207 632 1266 Mihi
660 1205 778 1283 quidem
804 1223 899 1281 nuper
919 1205 1005 1263 istinc
1027 1223 1148 1263 reverso
1171 1204 1307 1283 domum,
1336 1208 1499 1285 regustanti
1521 1208 1679 1285 scriptum,
1706 1207 1816 1286 placuit
1842 1207 1994 1265 consilium
2016 1209 2113 1283 operis
2136 1219 2165 1265 et
2186 1210 2309 1268 imitatio

269 1301 459 1381 antiquitatis.
510 1299 551 1352 Ac
578 1294 616 1349 de
645 1304 771 1367 utraque
793 1308 827 1347 re
849 1291 896 1348 rel
921 1291 1019 1367 potius
1042 1292 1080 1348 de
1103 1299 1164 1346 toto
1186 1307 1279 1366 opere
1301 1301 1382 1350 tuum
1406 1292 1541 1349 iudicium
1564 1290 1602 1347 ad
1625 1311 1676 1349 nos
1698 1293 1870 1369 perscribes.
1913 1292 2073 1369 Casparem
2095 1292 2150 1351 hoc
2173 1304 2309 1373 tempore

268 1392 337 1449 binc
359 1382 521 1462 expatiari,
549 1378 673 1435 moleste
696 1375 845 1448 ferebam,
874 1396 940 1433 cum
962 1377 1083 1434 instaret
1106 1361 1326 1454 ἄρχοιιρεσίοι,
1359 1379 1387 1434 in
1411 1397 1469 1454 qua
1490 1376 1682 1455 χειροτονία
1703 1377 1792 1453 ipsius
1815 1387 1932 1452 poterat
1953 1394 2001 1434 me
2025 1395 2099 1434 nora
2121 1378 2308 1438 solicitudine

263 1478 407 1534 liberare.
457 1466 540 1523 Hanc
569 1461 724 1539 epistolam
753 1462 778 1517 si
805 1462 932 1538 accipies
960 1473 1030 1518 ante
1062 1461 1120 1518 iter
1150 1470 1250 1531 tuum,
1278 1461 1327 1521 fac
1355 1463 1497 1521 rescribas
1519 1462 1618 1537 nobis,
1647 1463 1816 1539 priusquam
1838 1460 2049 1538 proficiscaris,
2081 1462 2136 1522 boc
2156 1463 2225 1521 mihi
2247 1465 2306 1521 erit

268 1557 472 1639 gratissimum.
515 1550 612 1608 Etiam
636 1564 675 1603 ⁸1
697 1546 915 1610 itineresslim
937 1539 1065 1624 φοιτᾶν
1085 1539 1171 1624 πρὸς
1193 1533 1278 1624 ἢμᾶς
1302 1548 1403 1605 literas
1427 1559 1506 1621 tuas,
1534 1565 1592 1605 non
1614 1550 1708 1606 solum
1730 1546 1767 1604 ad
1791 1546 1946 1605 levandam
1969 1547 2182 1606 solicitudinem
2197 1566 2305 1623 meam,

268 1662 355 1723 quam
379 1634 623 1782 tepipquitdnobie
636 1643 694 1775 (qua
711 1631 930 1774 peregrinatio,
958 1632 1012 1689 scd
1032 1624 1094 1689 ἵνα
1116 1618 1260 1711 poinde?
1282 1621 1326 1693 ἂν
1348 1622 1578 1713 ιῦφριίνοιεν.
1616 1633 1701 1691 Βιιι
1724 1642 1757 1690 ιι
1776 1631 1906 1690 feliciter
1927 1630 1995 1689 vale
2017 1649 2083 1690 cum
2104 1632 2215 1690 inmitia
2237 1634 2304 1689 nni-

268 1748 364 1789 versa.
449 1725 488 1782 id.
509 1724 521 1779 l
544 1738 613 1776 num
665 1728 710 1774 cto
733 1718 780 1775 ris.

627 1879 813 1945 locabimus
835 1882 1051 1946 Camerarius
1074 1881 1236 1963 Philippo
1258 1880 1513 1947 Mclnschtftottc'
1538 1882 1571 1947 V
1570 1831 1588 1946 ί
1603 1831 1795 1947 Glitrisss'sto
1803 1926 1815 1955 ,
1848 1879 1882 1943 S.
1905 1878 1951 1946 D.
1998 1861 2009 1894 ⁴

397 2013 478 2069 Haec
507 2007 628 2083 scripsi,
663 2023 728 2061 cum
756 2005 812 2060 iam
842 2016 919 2062 esset
947 2003 1125 2080 deponenda
1150 2005 1317 2083 prouincia,
1350 2007 1417 2081 ιιι,
1448 2001 1476 2064 sl'
1500 2005 1607 2080 maris,
1633 1987 1800 2062 abeundum
1832 2003 2003 2079 magistratu
2033 2004 2166 2059 semestri
2195 2016 2306 2064 nostro.

269 2104 371 2181 accepi
392 2109 489 2155 antem
512 2091 612 2151 literas
634 2107 779 2147 unacum
804 2089 875 2147 libro
897 2108 915 2145 a
933 2088 1063 2166 Caspare
1086 2102 1183 2149 nostro
1205 2100 1270 2148 tuas
1292 2091 1331 2147 ad
1354 2106 1507 2167 vesperam
1529 2091 1662 2149 hesterni
1683 2089 1759 2164 diei,
1788 2108 1845 2166 quo
1870 2098 2002 2162 tempore
2025 2087 2136 2164 Caspar
2158 2108 2216 2146 una
2239 2108 2305 2146 cum

244 2191 389 2249 .Erssmo
412 2182 450 2240 ad
473 2199 524 2237 nos
546 2176 637 2235 ιιιιιι.
681 2193 715 2233 ιι
737 2185 797 2231 tnm
820 2175 939 2252 quidem
964 2175 1067 2233 librum
1091 2175 1222 2254 inspexi,
1249 2173 1303 2234 sed
1325 2176 1404 2253 qnod
1426 2179 1492 2234 'cum
1514 2174 1684 2254 gratissimis
1705 2173 1865 2250 hospitibus
1888 2172 2014 2248 colloq'ni
2036 2173 2075 2228 de
2098 2173 2231 2248 pluribus
2253 2194 2306 2232 cn-

268 2291 388 2354 perem,
416 2278 447 2325 et
475 2264 604 2322 omnibus
632 2277 728 2337 paene
757 2261 912 2317 momentis
933 2261 1144 2337 interpellaret
1172 2262 1209 2318 ab
1231 2260 1283 2334 iis,
1312 2261 1416 2336 qulbus
1437 2262 1547 2339 negotii
1566 2258 1678 2339 aliquid
1700 2277 1797 2317 coram
1819 2267 1968 2330 mactat,
1991 2257 2094 2334 legere
2116 2257 2188 2315 nihil
2211 2261 2306 2336 potui.

266 2363 338 2422 Post
359 2371 480 2413 coenam
502 2360 599 2408 antem
621 2348 658 2404 ad
681 2347 833 2402 lucernam
855 2362 926 2403 sane
948 2346 1056 2403 multas
1078 2342 1213 2423 pagellas
1235 2340 1349 2404 confeci
1356 2365 1371 2425 ,ι
1388 2364 1422 2404 ac
1443 2348 1628 2425 praeclarum
1650 2343 1720 2400 mibi
1741 2344 1880 2420 scriptum
1903 2343 1995 2398 ιιιιιιιι
2020 2353 2081 2415 est,
2103 2355 2134 2401 ct
2154 2344 2305 2402 consimile

263 2448 391 2506 aliorum
420 2439 506 2495 huius
535 2433 643 2493 autoris
672 2430 796 2488 hominis
816 2431 989 2506 politissimi.
1033 2433 1089 2489 etsi
1106 2431 1252 2507 quaedam
1273 2429 1304 2486 in
1324 2445 1436 2490 summa
1458 2432 1611 2508 diligentia
1632 2429 1804 2488 eruditionis
1826 2426 2074 2485 illiustdesidero.
2119 2428 2304 2487 Concedatnr

269 2533 347 2592 enim
376 2527 433 2584 boc
462 2535 492 2580 et
522 2517 604 2578 nobis
633 2527 665 2573 nt
686 2512 824 2573 indicium
847 2513 988 2572 faciamus
1016 2529 1048 2573 et
1071 2516 1110 2573 de
1131 2515 1279 2573 bominum
1300 2524 1333 2572 et
1355 2516 1394 2574 de
1416 2517 1602 2593 scriptionum
1626 2531 1738 2592 genere
1760 2515 1831 2587 isto,
1860 2513 1908 2569 ιιι
1930 2511 2028 2569 ιιίιιι
2056 2516 2138 2588 qnasi
2166 2514 2302 2572 divinitas

267 2610 453 2693 suspicienda
475 2617 588 2666 tantum
612 2612 658 2660 est
677 2600 775 2674 nobis,
808 2599 900 2658 rclnti
923 2594 1138 2678 ἐπιχθονίοις
1159 2600 1327 2660 landenam
1341 2617 1414 2662 sane
1436 2614 1468 2661 et
1487 2602 1665 2679 pulcerrima
1687 2616 1753 2657 esse
1774 2596 1987 2677 perhibeantur
2008 2598 2159 2670 universa,
2187 2598 2241 2655 sed
2264 2599 2303 2655 de

260 2701 313 2761 ‘bis
334 2715 429 2757 coram
451 2688 619 2770 aliquando.
663 2685 764 2744 Meum
786 2687 844 2744 iter
865 2684 961 2744 adhuc
981 2684 1137 2758 differtor,
1158 2696 1326 2746 remorante
1347 2705 1400 2746 nos
1414 2688 1611 2759 Ballorbodo‚
1634 2687 1684 2764 qni
1707 2685 1833 2762 primum
1854 2693 1971 2740 terrore
1987 2684 2112 2760 quodam
2130 2685 2304 2741 narrationis

267 2788 341 2847 illud
372 2780 499 2853 retudit,
528 2792 607 2833 nnnc
634 2772 797 2829 cessatione
818 2787 870 2828 sua
893 2772 1035 2831 retardat.
1086 2771 1297 2830 Constitnimus
1319 2784 1418 2831 tamen
1438 2773 1475 2832 ad
1498 2772 1577 2830 diem
1597 2772 1763 2849 proximum
1785 2767 1878 2825 Xllll.
1901 2767 1965 2826 Cal.
1987 2768 2131 2826 Novemb
2153 2769 2227 2825 illud
2251 2788 2304 2827 nos

265 2874 449 2947 ingressuros
471 2881 544 2922 esse.
587 2860 634 2918 'fe
657 2857 706 2912 vix
727 2866 833 2933 putant
853 2855 911 2914 hnc
933 2870 1088 2916 venturum
1111 2857 1149 2916 ad
1170 2858 1305 2934 nuptias,
1325 2855 1459 2918 futurum
1479 2858 1559 2917 enim
1579 2858 1645 2914 istic
1665 2856 1854 2926 dictatorem,
1876 2864 1908 2910 ut
1928 2862 1959 2911 tu
1976 2854 2137 2930 appellen·
2166 2854 2213 2911 De
2227 2854 2302 2910 libro

266 2957 344 3015 scire
365 2950 469 3028 cupio,
489 2948 570 3006 cuins
590 2944 643 3003 ille
664 2942 716 3016 sit,
737 2952 770 2999 ut
792 2942 921 3018 pretium
941 2944 1085 3020 solvatur,
1113 2962 1181 3002 nam
1199 2942 1266 3000 ιοιο
1288 2959 1355 3001 essm
1379 2944 1519 3004 retinere.
1561 2942 1649 3006 Nunc
1669 2941 1708 3006 ad
1730 2951 1760 2998 te
1781 2940 1868 2998 venio
1890 2957 1954 2996 cum
1978 2938 2119 3014 petitione
2140 2957 2230 3018 parra
2251 2940 2303 2997 illa

267 3039 387 3119 quidem
418 3046 449 3092 et
476 3033 573 3104 facili,
603 3029 655 3087 sed
686 3043 773 3103 qnam
802 3027 925 3085 obtineri
953 3029 1109 3106 plurimum
1139 3030 1265 3087 interest
1286 3027 1366 3103 eins,
1395 3030 1441 3087 cni
1462 3048 1515 3086 nos
1536 3029 1613 3086 lianc
1634 3043 1754 3105 operam
1777 3025 1889 3083 damus.
1944 3024 2005 3080 Res
2028 3034 2127 3081 antem
2148 3023 2220 3082 haec
2243 3034 2300 3080 est.

266 3127 376 3188 Noster
397 3121 495 3197 Papa,
522 3120 546 3175 is
568 3118 611 3172 vir
636 3131 724 3191 quem
746 3111 785 3169 de
806 3114 988 3171 sermonibus
1011 3117 1117 3174 nostris
1140 3114 1320 3191 cognovisti,¹
1346 3112 1461 3189 idest,
1489 3115 1572 3191 pius,
1600 3112 1725 3190 probus,
1746 3110 1891 3188 diligens,
1920 3098 2125 3189 ἀχρήματος,
2146 3120 2212 3190 post
2235 3107 2301 3166 edi·

266 3225 329 3274 tum
351 3226 368 3267 a
391 3223 438 3264 me
459 3204 602 3284 permissu
626 3210 675 3258 tuo
696 3196 914 3256 Grammaticae
936 3198 1072 3258 Graecae
1093 3197 1243 3271 libellum,
1271 3198 1360 3256 etiam
1382 3199 1518 3267 Latirmm
1541 3198 1678 3257 emittere
1702 3207 1805 3274 parat,
1830 3187 1901 3251 'eum
1923 3212 2011 3275 quem
2033 3192 2171 3271 Micyllus
2200 3204 2301 3250 noster

265 3295 421 3357 verissimis
442 3310 459 3348 a
481 3301 511 3348 te
533 3284 824 3360 ornatuslaudibns,
846 3283 994 3361 quondam
1015 3284 1098 3343 dedit
1119 3280 1201 3365 nobis
1221 3284 1372 3362 aliquanto
1393 3286 1566 3362 pleniorem.
1609 3285 1672 3341 lloc
1692 3282 1758 3339 lieri
1780 3291 1810 3338 ιι
1832 3281 1943 3338 sciente
1965 3289 1997 3338 ιι
2019 3278 2222 3339 consentiente
2244 3280 2300 3335 mi-

265 3383 348 3441 rifice
378 3378 439 3436 ιιιιι
468 3388 497 3434 et
525 3376 651 3445 laborat,
681 3382 712 3428 et
735 3368 770 3428 'in
791 3369 848 3428 hoc
871 3388 928 3427 non
952 3380 1011 3427 tam
1033 3388 1199 3451 successum
1220 3386 1336 3427 omnem
1360 3369 1495 3429 editionis
1518 3371 1605 3428 situm
1627 3384 1707 3438 esse,
1743 3384 1829 3444 quam
1852 3365 2097 3425 existimationem
2120 3385 2203 3423 snam
2226 3365 2301 3420 verti

265 3468 433 3528 arbitratur.
476 3458 616 3536 Confugit
636 3458 725 3536 igitur
747 3455 785 3514 ad
808 3472 856 3512 me
879 3464 911 3513 et
931 3455 1156 3515 intercessorem
1178 3473 1227 3514 me
1246 3454 1303 3512 slbi
1324 3462 1396 3513 esse.
1411 3454 1536 3532 expetit.
1580 3456 1770 3529 Quapropter
1792 3463 1838 3525 te,
1866 3451 1907 3507 mi
1928 3444 2081 3526 Philipps,
2105 3452 2301 3507 vehementer

263 3555 354 3613 etiam
380 3559 469 3625 atque
499 3548 585 3604 etiam
615 3561 684 3619 rogo
695 3537 744 3615 *),
773 3542 900 3619 primum
929 3551 960 3625 ιιι
989 3541 1018 3597 in
1047 3541 1102 3600 bac
1124 3560 1157 3599 rc
1178 3536 1446 3619 Papac'desiderio
1468 3541 1654 3618 obsequaris,
1686 3534 1808 3594 etmihi
1830 3535 2017 3614 gratificeris,
2046 3537 2096 3610 qni
2118 3536 2162 3591 illi
2188 3535 2299 3610 optbne

265 3639 369 3717 cupio,
391 3634 441 3691 ιιι
462 3634 486 3689 si
509 3645 539 3689 tn
562 3626 648 3687 aliter
671 3641 810 3701 censeas,
831 3626 871 3697 de
891 3622 949 3683 b'oc
970 3624 1060 3685 etiam
1085 3628 1132 3684 m'e
1153 3627 1263 3693 reddas
1284 3627 1449 3687 certiorem.
1463 3626 1479 3635 ''
1495 3621 1568 3685 Vale
1591 3624 1661 3682 mibi
1682 3622 1849 3680 suavissime
1870 3622 2018 3698 Pliilippe.
2057 3620 2163 3676 Nostra
2185 3618 2300 3674 familia

265 3729 456 3803 peramanter
474 3731 506 3774 te
528 3727 559 3772 ιι
580 3725 645 3770 tuos
667 3725 769 3795 omnes
790 3698 914 3793 salutai,
934 3708 984 3767 Te
1006 3729 1075 3769 vero
1098 3710 1258 3769 officiosior.
1275 3688 1317 3793 ii.
1330 3698 1436 3770 Comes
1457 3698 1566 3770 noster.
1612 3710 1721 3768 lterum
1739 3707 1823 3778 sale,
1845 3703 2097 3764 intimandas
2112 3704 2296 3763 Novembris.

452 3878 635 3961 Philippus
657 3870 895 3938 Matoustana·
915 3874 1086 3941 Ιοιιιιιίιιιο
1111 3876 1302 3943 camerario
1324 3870 1468 3958 Puberg.
1496 3875 1529 3940 V
1527 3920 1536 3965 ·.
1554 3887 1626 3973 opt.
1649 3879 1756 3937 amico
1783 3871 1817 3934 S.
1842 3893 1986 3946 summo,
2016 3871 2052 3935 S.
2074 3871 2118 3935 D.

392 4008 467 4066 Sunt
490 4001 609 4080 quidem
630 3999 774 4057 scolastici
794 3999 980 4075 magistratus
1001 4001 1140 4079 opinione
1162 4001 1322 4058 maltorum
1343 4017 1442 4077 neque
1464 4001 1606 4076 dignitate
1627 4011 1831 4077 praestantes,
1860 4009 1892 4054 et
1913 3998 2044 4056 laborum
2066 4009 2158 4073 atque
2179 3997 2299 4074 pericn-

265 4099 360 4157 lorum
381 4089 573 4170 singularium
595 4096 752 4162 expertes:
795 4084 897 4162 thue
919 4084 1072 4144 doctorum
1094 4086 1238 4162 snpientia
1257 4080 1361 4170 χολὴν
1392 4070 1453 4147 ιιίιι
1481 4078 1569 4162 ἔχειν
1593 4085 1780 4160 perhibetur:
1817 4085 1857 4141 ιιι
1878 4082 1982 4140 horum
2004 4084 2082 4140 inter
2105 4083 2183 4160 ipsos
2204 4082 2300 4138 admi-

162 4192 168 4199 “
263 4180 397 4242 nistratio
411 4177 487 4236 lenis
501 4187 532 4232 et
554 4171 669 4250 placida
692 4182 722 4227 et
746 4181 808 4228 tnta
829 4187 895 4228 esse
917 4172 1058 4232 creditur.
1100 4172 1147 4229 'l'n
1172 4172 1426 4248 tamensprofecto
1448 4184 1479 4230 et
1501 4172 1616 4229 sensisti
1637 4190 1716 4228 nunc
1739 4170 1826 4227 etiam
1848 4181 1958 4244 quanta
1980 4168 2115 4225 molestia
2134 4168 2170 4224 sit
2191 4161 2230 4227 ἐν
2251 4163 2300 4244 τῷ

166 4302 172 4317 ,
261 4260 400 4350 ἄρχειν,
421 4273 452 4321 ιι
468 4269 612 4319 semestre
628 4265 709 4314 tuum
727 4255 842 4313 finitum
862 4270 928 4314 esse
951 4257 1037 4316 valde
1060 4256 1186 4316 laetatis.
1230 4259 1329 4334 Atque
1351 4267 1452 4315 essent
1470 4256 1596 4315 fortasse
1619 4258 1649 4313 in
1671 4256 1778 4314 nostris
1800 4247 2050 4330 πολιτεύμασιν
2072 4253 2169 4312 facilia
2190 4252 2300 4325 omnia,

193 4404 200 4417 „
263 4357 289 4414 si
320 4371 376 4409 noo
405 4345 574 4408 scolasticos
604 4340 674 4400 ordo
700 4340 852 4416 iniquitate
873 4341 999 4418 quadam
1022 4342 1079 4401 ιιι·
1094 4341 1244 4403 ltominnm
1266 4341 1316 4399 ιιι
1338 4351 1504 4419 temporum
1527 4343 1656 4418 graviter
1678 4340 1834 4399 laboraret.
1883 4339 2061 4416 Experimnr
2083 4339 2160 4396 enim
2183 4335 2299 4393 indies

222 4472 227 4479 ·
264 4455 382 4514 magnas
403 4444 435 4493 et
455 4428 594 4490 difficiles
613 4427 848 4500 adversationes,
871 4445 936 4487 cum
959 4428 1061 4504 quibus
1082 4429 1165 4487 nobis
1187 4437 1232 4484 est
1255 4427 1443 4500 luctandum,
1464 4427 1569 4505 impari
1589 4426 1707 4503 quidem
1731 4436 1893 4502 apparatu,
1917 4440 1948 4483 et
1970 4424 2127 4483 admodum
2151 4421 2300 4479 dissimili·

263 4527 316 4583 bus
339 4523 437 4600 copiis.
481 4516 557 4575 Nam
581 4514 685 4591 quibus
708 4529 759 4567 nos
780 4512 868 4568 rebus
890 4513 1024 4571 instructi
1046 4530 1163 4580 sturnus,
1185 4511 1216 4568 id
1238 4525 1301 4588 est,
1329 4512 1509 4570 humanitate
1532 4522 1562 4569 et
1585 4512 1677 4568 literis
1699 4521 1729 4569 et
1753 4512 1890 4568 mediocri
1912 4511 2077 4581 eruditione
2098 4528 2131 4565 ac
2155 4507 2299 4581 doctrina,

264 4626 319 4668 eae
341 4624 439 4685 neque
460 4604 562 4662 firmae
584 4599 654 4656 satis
675 4595 713 4652 ad
735 4597 967 4677 protegendum,
990 4615 1087 4677 neque
1110 4597 1225 4655 validae
1247 4598 1285 4655 ad
1308 4597 1530 4656 defendendum
1552 4597 1742 4677 reperiuntur
1766 4596 1818 4653 boc
1842 4608 1993 4673 tempore,
2014 4614 2071 4671 qno
2092 4594 2181 4650 animi
2204 4592 2299 4648 bomi-

262 4714 333 4753 num
356 4690 522 4749 disitiarum
546 4697 576 4744 ιι
599 4681 748 4761 potentiae
770 4682 930 4757 splendore
953 4684 1048 4761 capti,
1079 4682 1187 4740 favoris
1209 4693 1241 4740 ct
1262 4680 1484 4741 existimationis
1508 4682 1590 4761 qnasi
1613 4681 1722 4739 viribus
1743 4682 1897 4739 destitutas
1919 4682 1984 4737 illas
2008 4678 2168 4736 imbecilles
2190 4688 2221 4734 et
2243 4673 2298 4737 ὲν-

264 4771 415 4857 νιιιὴτοος
444 4772 606 4847 relinqunt.
654 4766 731 4824 Nam
761 4767 839 4844 qnod
863 4767 900 4826 sit
922 4768 1151 4837 adversariorum
1171 4768 1278 4844 robnr,
1305 4786 1381 4847 qnae
1403 4781 1433 4827 ct
1455 4785 1542 4844 qnam
1565 4767 1656 4825 densa
1678 4768 1811 4845 agmina,
1840 4784 1916 4845 quae
1938 4767 2064 4823 virorum
2087 4780 2298 4839 armorumque

262 4863 432 4934 instructio,
460 4853 532 4914 nihil
561 4864 607 4912 est
635 4869 757 4910 necesse
787 4842 943 4928 perscribi,
973 4854 1146 4930 praesertim
1170 4852 1206 4909 ad
1230 4863 1278 4929 te,
1311 4872 1397 4930 quem
1421 4852 1528 4912 certius
1549 4854 1645 4909 ornnia
1666 4871 1753 4931 quam
1775 4852 1886 4925 uelles,
1917 4871 1971 4908 non
1996 4849 2142 4906 audiendo
2165 4848 2218 4904 scd
2242 4864 2298 4903 ex-

262 4944 407 5028 periundo
435 4940 612 5017 comperisse
642 4939 710 4995 scio.
759 4941 855 5015 Atque
883 4939 992 4996 utinam
1022 4949 1100 4996 esset
1127 4938 1286 4996 intereos
1317 4939 1402 4997 modo
1434 4936 1589 5021 concordia·
1615 4948 1646 4994 ιι
1676 4939 1838 4996 animorum
1866 4937 2107 5010 voluntatumque
2131 4933 2298 5006 consensio,

263 5049 386 5111 quornm
409 5046 483 5089 unns
503 5025 576 5083 ordo
598 5036 643 5083 est
665 5022 722 5081 soti
743 5020 807 5100 μία
825 5022 878 5092 τις
899 5014 974 5082 οἷον
994 5021 1184 5104 συμμορία,
1207 5040 1307 5102 neque
1329 5025 1357 5080 in
1378 5025 1562 5102 professione
1584 5024 1761 5100 pulcerrima
1783 5025 1956 5101 optimarum
1980 5022 2129 5079 literarum
2143 5032 2174 5074 ιι
2188 5019 2298 5075 artium

262 5126 477 5194 usurparentur
501 5110 677 5169 alienissima
705 5109 802 5167 studia
830 5109 1009 5185 pertinaciae
1030 5122 1061 5167 et
1083 5110 1329 5185 malevolentiae,
1361 5111 1400 5167 ita
1431 5112 1509 5169 enim
1537 5110 1642 5167 melius
1664 5108 1713 5167 rel
1735 5109 1866 5167 cedendo
1890 5108 1938 5164 ιιι
1960 5102 2139 5178 dimicando,
2174 5103 2200 5158 si
2222 5122 2298 5180 opus

261 5214 358 5277 esset,
387 5203 512 5260 salntem
539 5212 691 5274 possenna
721 5194 815 5270 tueri,
850 5211 917 5251 nam
948 5193 1119 5272 dignitatem
1149 5195 1228 5273 qnod
1257 5212 1411 5273 speremus
1440 5195 1511 5253 nibil
1542 5206 1604 5270 est,
1637 5213 1724 5272 quam
1752 5212 1870 5272 prorsus
1891 5194 2045 5251 amisimus.
2093 5189 2170 5246 Dicit
2196 5201 2296 5246 noster

262 5291 332 5349 ciris
354 5283 568 5347 Demosthenes
597 5279 776 5355 locupletem
807 5296 872 5337 esse
901 5280 1110 5356 rempublicam
1140 5298 1223 5355 eam,
1253 5298 1332 5357 qnae
1351 5283 1491 5339 societate
1515 5292 1546 5338 ιι
1567 5280 1627 5338 tide
1649 5290 1679 5338 et
1703 5279 1907 5337 benevolentia
1929 5292 2086 5355 augeatur,
2116 5276 2220 5352 quibus
2242 5294 2296 5330 no-

261 5387 339 5435 strae
367 5374 433 5432 fere
462 5367 686 5427 communitates
717 5381 903 5441 nequaqnam
930 5365 1089 5425 abundant.
1140 5365 1200 5422 Sed
1230 5365 1303 5422 baec
1331 5366 1370 5423 de
1400 5367 1525 5443 quodam
1555 5383 1641 5424 sensu
1673 5366 1808 5423 miseriae
1839 5374 1956 5421 nostrae
1983 5363 2127 5439 copiosius
2148 5359 2295 5435 disputari

260 5480 347 5538 qnam
372 5459 469 5516 debui.
514 5453 552 5509 Et
576 5447 760 5524 cogitandum
789 5449 870 5506 nobis
892 5461 953 5523 cst,
976 5469 1042 5508 cnm
1064 5459 1163 5509 nostra
1186 5451 1296 5509 delicta
1317 5462 1375 5508 tarn
1398 5452 1502 5528 prioris
1523 5470 1610 5529 qnam
1632 5451 1817 5527 quotidianae
1838 5451 1915 5508 ritae
1938 5450 2046 5508 mereri
2067 5446 2297 5505 animadversio-

1627 5669 1631 5675 .
1685 5644 1692 5675 l

295 5702 327 5770 *J
343 5701 444 5769 rogo,]
467 5704 517 5753 lid.
537 5702 612 5752 ibbo.
632 5705 743 5767 typogr.
763 5713 874 5752 errore:
899 5714 979 5768 roga,
