5125 6525
263 484 340 565 tos

264 661 310 730 ad
325 657 611 750 amplificandam
627 610 843 744 orationem,
868 654 1032 728 hocloco
1047 651 1144 725 haud
1161 652 1251 726 alius

234 764 243 786 ⁸
263 761 489 833 commodior
503 782 577 832 esse
590 757 744 830 videtur.

656 925 862 999 Caussae.

364 1061 413 1132 Et
431 1086 539 1155 supra
562 1062 600 1132 in
613 1057 835 1135 finitionibus
851 1087 991 1135 caussas
1007 1062 1252 1147 tractavimus,

264 1189 336 1260 quo
351 1161 414 1234 hic'
425 1165 569 1235 brevius
587 1165 828 1237 absolventur.
946 1201 949 1206 ·

368 1266 500 1338 Caussa
519 1278 590 1350 est,
615 1269 711 1337 unde
727 1268 825 1339 aliud
843 1265 1140 1363 consequiturffi).

368 1367 535 1439 Efficiens
562 1381 614 1440 est
635 1393 789 1462 persona
813 1382 974 1452 autres,
1000 1392 1092 1461 quae
1115 1367 1252 1460 aliquid

264 1470 391 1554 efficit,
416 1482 456 1540 ut
468 1472 569 1541 faber
584 1474 755 1557 domurn,
781 1485 883 1565 pater
897 1472 1022 1543 lilium.

365 1571 518 1643 Materia
533 1586 604 1658 est,
630 1599 673 1644 ex
689 1598 759 1668 qua
777 1575 817 1645 lit
831 1572 1037 1668 quidpiam,
1068 1585 1126 1655 ut,
1153 1597 1194 1641 ex
1210 1571 1253 1639 li-

263 1698 335 1767 gno
351 1697 488 1748 mensa.

364 1777 499 1847 Forma
514 1790 567 1849 est
584 1777 662 1869 ipsa
676 1777 848 1847 materiae
864 1776 1009 1870 species.

365 1878 467 1952 finis
490 1892 544 1951 est
565 1905 650 1951 usus
669 1882 734 1953 rei.
798 1880 854 1951 Ab
877 1880 1048 1950 efficiente
1073 1881 1253 1949 ducuntur

265 1997 490 2074 argumenta,
513 1994 588 2052 tam
603 1981 800 2067 dialectica,
822 2006 931 2078 quam
945 1978 1137 2052 rhetorica.
1163 1979 1254 2050 Dia·

263 2085 407 2171 lectica,
432 2098 473 2157 ut
495 2108 617 2158 caussa
638 2097 785 2178 negata,
812 2099 848 2155 et
870 2086 1033 2155 effectum
1049 2083 1174 2175 negari
1191 2106 1252 2153 ne·

263 2211 359 2260 cesse
383 2201 453 2260 est:
494 2199 554 2272 ut,
586 2187 669 2259 Non
703 2188 825 2279 genuit
844 2187 1045 2270 Traianus,
1078 2210 1163 2278 ergo
1187 2210 1252 2255 nec

264 2288 428 2362 Traiano
447 2290 541 2361 lilius
562 2290 641 2360 fuit.
707 2291 887 2374 Rursum,
926 2291 1113 2360 adfirmata
1136 2311 1252 2371 causa,

264 2406 301 2463 et
316 2406 483 2463 eventurn
501 2392 674 2462 affirmari
686 2416 828 2464 necesse
845 2404 912 2465 est:
940 2405 990 2475 vt,
1012 2390 1147 2461 Genuit
1160 2389 1253 2460 'l'ra-

263 2495 388 2581 ianus,
413 2518 497 2585 ergo
512 2493 673 2564 Traiano
690 2496 810 2588 proles
829 2496 907 2566 luit.
958 2494 1020 2563 Sol
1037 2494 1173 2578 oritur,
1198 2517 1252 2563 er·

261 2619 309 2691 go
324 2597 400 2668 dies
417 2610 481 2668 est.
532 2595 652 2693 Atque
665 2596 704 2667 in
719 2593 775 2669 his
788 2597 957 2690 propriae
974 2619 1117 2668 caussae
1130 2619 1250 2664 rerum

262 2701 477 2793 spectandae
490 2714 592 2784 sunt,
616 2724 692 2769 non
707 2700 857 2783 alienae,
882 2724 957 2769 non
973 2700 1068 2769 enim
1081 2712 1163 2789 apte
1181 2698 1252 2767 col·

263 2804 392 2896 legeris
413 2798 483 2871 hoc
508 2804 637 2872 modo:
673 2803 792 2873 Faber
812 2815 885 2885 est,
912 2803 1020 2893 igitur
1034 2804 1163 2872 domus
1181 2814 1251 2879 est;

264 2909 326 2978 sed
338 2902 456 2975 raher
469 2903 650 2988 aedificat,
675 2906 785 2996 igitur
800 2907 929 2975 domus
946 2906 996 2974 lit.
1047 2900 1122 2971 lam
1139 2915 1251 2973 elsua

265 3010 436 3103 cuiusque
457 3030 578 3079 caussa
601 3010 793 3099 spectanda
811 3020 881 3090 est,
909 3029 928 3074 a
945 3028 1016 3100 qua
1035 3004 1180 3098 proprie
1196 3029 1252 3076 res

264 3113 323 3182 lit:
355 3121 416 3195 ut,
440 3110 553 3180 virtus
567 3110 714 3203 proprie
731 3134 751 3180 a
767 3112 834 3181 deo
857 3108 1119 3180 transfunditur
1134 3107 1169 3175 in
1187 3104 1253 3177 hu·

265 3235 375 3284 mana
389 3226 547 3306 pectora.
598 3210 664 3285 Est
678 3213 772 3284 enim
789 3236 852 3285 sua
869 3212 1039 3304 cuiusque
1055 3234 1189 3283 caussa.

366 3315 605 3388 Efficientium
627 3318 667 3386 iu
685 3317 955 3411 pervestiganda
977 3338 1099 3385 rerum
1123 3327 1252 3385 natura

267 3431 303 3488 et
323 3418 461 3510 origine
482 3420 660 3511 piurima,
695 3433 736 3490 ut
757 3443 864 3513 supra
886 3421 924 3487 in
948 3417 1170 3488 finitionibus
1191 3418 1253 3486 ad·

265 3521 412 3604 monui,
446 3521 539 3590 ratio
571 3519 735 3592 habenda
766 3536 835 3595 est:
877 3545 1026 3612 nempe,
1059 3520 1253 3612 dequibus

267 3617 410 3692 scholae
444 3622 543 3692 varie
574 3623 792 3716 disceptant,
826 3635 885 3706 ut,
918 3648 990 3716 quo
1017 3637 1143 3692 autore
1168 3645 1252 3691 vera

268 3722 502 3813 absolutaque
517 3724 631 3796 virtus
650 3729 689 3795 in
704 3722 853 3796 homine
873 3725 958 3794 liat?
990 3750 1076 3794 num
1100 3747 1165 3816 per
1189 3720 1254 3792 ho·

267 3824 376 3894 minis
398 3825 638 3895 industriam?
664 3852 711 3895 an
732 3828 789 3896 dei
812 3825 965 3919 spiritu?
991 3840 1052 3896 aut
1069 3850 1132 3896 cur
1149 3826 1184 3894 id
1200 3826 1253 3894 in·

268 3925 404 3998 dustria
434 3921 592 3997 hominis
621 3952 696 3998 non
726 3928 863 4021 possit?
904 3929 942 3997 in
976 3952 1081 4019 quem
1105 3931 1253 3998 modum

267 4028 381 4098 multa
403 4041 720 4120 controvertuntur
741 4032 786 4100 de
810 4030 941 4101 caussis
961 4031 1203 4100 efficientibus.

369 4128 464 4202 Usus
480 4142 532 4201 est
549 4154 672 4202 earum
691 4145 726 4202 et
742 4133 779 4202 in
795 4129 982 4202 rhetoricis
1003 4130 1189 4216 thematis,
1215 4143 1255 4199 ut

266 4230 306 4301 in
341 4232 506 4304 laudibus
541 4236 721 4305 ducuntur
759 4249 968 4327 argumenta
1008 4231 1203 4305 honestatis
1233 4254 1253 4300 a

267 4334 514 4407 conditoribus
537 4349 571 4406 et
592 4337 778 4409 autoribus
797 4362 938 4421 rerum,
964 4351 1025 4422 ut,
1049 4362 1139 4430 quae
1154 4336 1254 4430 prior

136 4434 139 4439 ’
266 4437 344 4507 laus
365 4450 418 4509 est
444 4439 686 4524 matrimonii,
727 4464 834 4533 quam
857 4444 954 4533 quod
977 4439 1147 4510 divinitus
1170 4464 1254 4509 con-

267 4539 429 4608 stitutum
451 4541 528 4611 est?
579 4541 644 4614 Est
667 4555 702 4611 et
723 4543 787 4614 ubi
809 4543 848 4611 in
862 4544 984 4614 litibus
999 4542 1165 4626 consilia,
1191 4565 1254 4610 au·

267 4650 434 4731 toresque
465 4643 642 4715 sactorum
680 4657 891 4718 tractantur.
956 4647 1151 4738 Propterea
1186 4640 1254 4714 hoc

268 4762 473 4813 caussarum
503 4767 613 4836 genus
646 4746 834 4839 diligenter
865 4748 1031 4817 tractavit
1055 4747 1106 4817 M.
1128 4746 1253 4817 Cicero

267 4841 306 4910 in
329 4841 494 4936 Topicis,
535 4847 597 4917 ubi
625 4850 664 4916 in
697 4849 929 4920 efficientibus
955 4863 1123 4921 numerat
1150 4862 1254 4918 natu·

266 4944 428 5041 ram'f),
454 4961 514 5033 ut,
540 4949 601 5019 Sol
625 4951 762 5036 oritur,
787 4952 897 5043 igitur
911 4953 987 5022 dies
1002 4966 1065 5023 est.
1116 4949 1254 5022 Volun-

266 5057 399 5131 tatem,
435 5049 493 5119 cui
516 5053 803 5142 perturbationes
833 5068 868 5125 et
900 5055 1045 5126 affectus
1075 5054 1187 5122 animi
1219 5065 1254 5123 et

268 5147 415 5219 consilia
437 5151 597 5239 subiicit,
629 5168 690 5240 ut,
722 5153 837 5228 Iratus
861 5170 957 5241 erat,
988 5157 1145 5228 infensus
1164 5169 1254 5239 erat,

267 5249 378 5343 igitur
391 5253 578 5344 probabile
593 5269 664 5341 est,
689 5260 763 5327 vim
780 5261 825 5329 ab
844 5284 887 5330 eo
909 5260 1057 5331 illatam.
1110 5260 1253 5342 Casum,

272 5428 477 5441 ...o-m·-

301 5539 353 5600 sb)
368 5542 470 5590 Anuot.
487 5549 590 5603 marga
618 5541 741 5601 quatuor
757 5553 917 5594 caumrun
935 5543 1049 5597 tornae.

302 5624 351 5740 90¹)
370 5627 469 5743 A‘puot.
487 5637 590 5689 marga
614 5624 797 5677 illicientium
816 5628 868 5678 duo
886 5640 1005 5692 genera:
1036 5635 1181 5682 naturast
1201 5642 1252 5683 co-

349 5704 383 5741 ro
415 5708 439 5753 a,

765 483 890 560 Plills.
925 482 1038 559 nst..
1071 479 1275 556 scalers
1310 479 1442 554 vattlt
1472 478 1779 555 ARGUMENTA

2243 478 2305 551 Μ

1275 695 1280 772 1
1303 652 1396 727 Nam
1414 666 1449 723 et
1465 653 1503 724 in
1516 676 1573 725 res
1587 675 1796 731 communes
1810 647 2000 723 hominum
2019 649 2150 721 multa
2168 649 2306 722 fortuita

1276 783 1280 838 ι
1304 755 1478 828 incidunt.
1529 754 1671 826 Valebit
1697 754 1777 826 talis
1801 753 2031 825 efficientium
2059 752 2246 824 tractatio
2269 756 2305 825 ad

1304 859 1539 929 exercendam
1555 858 1709 949 copiam.

1405 958 1552 1030 lnterim
1581 973 1617 1030 et
1645 960 1685 1030 in
1707 958 1940 1029 allicientibus
1963 953 2149 1027 habenda
2176 971 2230 1031 est
2251 958 2303 1028 cir·

1304 1062 1599 1134 cumstantiarum
1621 1062 1727 1134 ratio.
1784 1060 1877 1134 Nam
1900 1055 2074 1130 nonnihil
2100 1061 2156 1129 ad
2185 1085 2304 1154 propo

1276 1247 1280 1252 .
1303 1164 1407 1235 sitam
1425 1166 1671 1260 quaestionem
1688 1163 1899 1257 pertinebit,
1925 1187 1999 1256 quo
2014 1175 2220 1255 tempore,
2242 1189 2303 1258 quo

1275 1257 1404 1351 'loco,
1439 1267 1535 1358 apud
1568 1291 1658 1361 quos
1692 1266 1779 1361 quid
1808 1267 1940 1337 lactum
1973 1264 2034 1337 sit.
2109 1264 2302 1358 Diligenter

1304 1368 1400 1438 enim
1427 1368 1730 1441 circumstantiam
1754 1366 1928 1461 temporis
1947 1379 2088 1438 tractat
2116 1368 2302 1462 Apostolus

1304 1471 1437 1543 Paulus
1451 1472 1489 1541 in
1504 1471 1699 1555 Romanis,
1725 1471 1788 1543 ubi
1802 1471 2035 1554 collecturus,
2063 1473 2178 1564 quod
2200 1473 2301 1563 operi·

1304 1574 1370 1645 hus
1385 1574 1472 1665 legis
1487 1598 1562 1643 nun
1579 1586 1808 1667 comparetur
1830 1572 1984 1656 iustitia,
2012 1596 2034 1643 a
2058 1586 2236 1666 ternpore
2254 1597 2300 1643 ar·

1305 1688 1552 1767 gumentatur,
1578 1672 1763 1747 Abraham
1777 1676 1910 1749 iustum
1921 1674 2031 1747 luisse
2047 1689 2147 1747 ante
2166 1677 2299 1747 chenn-

1306 1779 1499 1863 cisionem,
1526 1802 1601 1848 non
1627 1790 1873 1870 comparatam
1895 1778 2006 1869 igitur
2028 1778 2300 1851 circumcisione

1306 1881 1492 1954 iustitiam.
1552 1880 1623 1952 Sed
1654 1884 1699 1951 de
1721 1881 1997 1953 circumstantiis
2023 1904 2147 1972 supra
2172 1883 2300 1953 monui

1306 2009 1397 2056 mus.
1449 1984 1507 2054 Tu
1531 1984 1754 2068 observabis,
1779 1980 1868 2053 haec
1887 1983 2076 2075 pertinere
2109 1989 2157 2053 ad
2184 2010 2300 2075 augen-

1305 2087 1388 2156 dam
1416 2086 1776 2180 amplilicandamque
1797 2086 2013 2156 orationem.

1406 2188 1606 2259 Amatoria
1626 2191 1835 2284 formaque,
1860 2187 2024 2272 rariora,
2056 2192 2169 2282 quod
2192 2189 2302 2271 sciam,

1305 2303 1515 2381 argumenta
1537 2304 1728 2383 petuntur,
1753 2303 1875 2360 tamen
1895 2290 1972 2360 lieri
1996 2290 2120 2372 solet,
2148 2305 2189 2363 ut
2202 2308 2302 2362 mate

1305 2392 1359 2462 ria
1382 2407 1629 2485 comparetur,
1663 2406 1723 2478 ut,
1758 2391 1925 2476 Interest,
1960 2417 2006 2462 ex
2035 2417 2139 2464 auro
2168 2396 2227 2479 sit,
2257 2418 2302 2463 an

1305 2509 1453 2587 argento
1468 2492 1616 2589 cyphus.
1653 2495 1706 2565 lta
1724 2520 1744 2565 a
1760 2496 1892 2579 forma,
1918 2508 1958 2566 ut
1975 2520 2076 2589 quae
2095 2493 2206 2589 cyphi
2218 2497 2301 2568 seul·

1304 2610 1409 2691 ptura
1427 2599 1493 2681 sit,
1520 2600 1624 2691 quale
1640 2598 1728 2668 illud
1742 2611 1795 2669 est
1811 2601 1909 2691 apud
1921 2597 2127 2689 Virgilium
2147 2603 2185 2669 in
2198 2599 2303 2671 Boeo

1303 2700 1380 2772 licis
1389 2699 1455 2795 ⁹⁷):

1458 2834 1642 2929 Quoniam
1659 2835 1725 2905 tibi
1741 2835 1869 2927 pocula
1886 2857 2025 2926 ponam

1302 2934 1461 3027 Fagina,
1488 2938 1661 3009 caelatum
1678 2937 1792 3007 divini
1807 2961 1897 3029 opus
1913 2935 2195 3025 Alcimedontis,

1303 3038 1417 3108 Lenta
1435 3040 1563 3132 quihus
1580 3053 1685 3110 torno
1700 3041 1796 3110 facili
1811 3041 2070 3132 supperaddita
2092 3043 2177 3114 vitis

1304 3140 1462 3212 Diffusus
1478 3137 1611 3212 hedera
1628 3142 1733 3214 vestit
1748 3144 1905 3234 pallente
1920 3146 2130 3236 corymbos.

1305 3242 1344 3314 ln
1361 3243 1479 3314 medio
1497 3245 1569 3315 duo
1585 3245 1706 3337 signa,
1733 3246 1880 3330 Conon,
1906 3258 1943 3316 et
1957 3246 2037 3341 quis
2049 3247 2123 3317 fuit
2135 3248 2243 3331 alter,

1304 3347 1500 3438 Descripsit
1517 3348 1619 3417 radio
1636 3362 1751 3418 totum
1768 3349 1830 3443 qui
1847 3349 2005 3440 gentihus
2019 3349 2182 3416 orbem?

1305 3485 1363 3556 stc
1379 3484 1473 3554 enim
1491 3484 1815 3575 argumentaheris:
1841 3483 2013 3554 Dametae
2030 3494 2148 3551 crater
2163 3507 2300 3555 aureus

1306 3601 1377 3671 est,
1409 3586 1536 3655 melior
1559 3586 1668 3679 igitur
1691 3586 1877 3658 Menalcae
1900 3586 2051 3680 poculo,
2080 3587 2177 3680 quod
2200 3587 2301 3677 fagi·

1305 3714 1391 3759 num
1411 3700 1474 3760 est.
1524 3686 1712 3759 Eiusmodi
1729 3690 2020 3782 comparationes
2035 3711 2156 3759 rerum
2173 3713 2219 3757 er
2227 3683 2297 3758 hoc

1305 3793 1386 3861 loco
1403 3790 1476 3885 peti
1497 3790 1623 3863 solent.

1407 3892 1552 3962 mnium
1577 3891 1778 3988 ‘praecipua
1813 3894 1859 3966 sit
1891 3917 1989 3966 cura.
2047 3894 2183 3991 Neque
2208 3894 2290 3964 enim

1306 3997 1405 4066 aliud
1429 3995 1633 4086 diligentius
1655 3997 1859 4093 quaeritur,
1899 4019 2009 4092 quam
2032 3997 2122 4092 quis
2145 4023 2229 4070 usus
2249 3994 2293 4065 rei

1305 4099 1362 4170 sit.
1414 4098 1592 4184 Proinde,
1619 4124 1638 4169 a
1662 4099 1791 4172 linibus
1810 4100 1966 4193 plurima
1989 4101 2181 4171 ductantur
2203 4124 2291 4191 argu·

1306 4213 1446 4286 menta,
1472 4225 1552 4270 cum
1576 4226 1596 4270 a
1618 4202 1830 4288 dialecticis,
1861 4215 1937 4274 turn
1961 4226 1984 4270 a
2004 4198 2240 4285 rhetoribus,
2261 4214 2290 4271 ut

1306 4305 1460 4396 populus
1474 4303 1661 4376 Romanus
1685 4306 1779 4377 tueri
1799 4305 1936 4376 urbem.
1950 4304 2027 4377 vult
2053 4320 2189 4378 contra
2211 4303 2290 4378 subi

1305 4419 1379 4476 tam
1405 4403 1562 4478 hostium
1587 4408 1681 4492 vim,
1716 4432 1800 4500 ergo
1824 4409 1952 4479 munit.
2009 4406 2237 4481 Dialecticus
2263 4407 2289 4474 in

1304 4512 1576 4600 pervestiganda
1597 4511 1649 4579 rei
1669 4524 1819 4596 natura,
1855 4533 1996 4603 semper
2016 4513 2207 4605 propositi
2231 4508 2288 4581 tbe

1305 4612 1411 4681 matis
1435 4611 1623 4703 proprium
1653 4613 1800 4709 aliquod
1829 4613 1983 4684 officinm
2012 4613 2230 4700 constituit,
2262 4625 2289 4682 ut

1305 4708 1483 4798 hominis,
1516 4714 1708 4801 disserere,
1748 4729 1850 4787 acute
1883 4717 2096 4808 disputare,
2139 4718 2287 4788 civilibus

1306 4815 1429 4886 officiis
1451 4840 1533 4887 suos
1556 4816 1699 4898 iuvare;
1741 4818 1791 4890 sic
1820 4818 1994 4903 iustitiae,
2027 4844 2141 4892 suum
2178 4822 2287 4914 cuique

1306 4917 1483 5003 tribuere,
1515 4942 1638 5010 pacem
1662 4923 1767 4994 tueri.
1825 4919 1873 4992 Et
1892 4916 2058 4994 rhetores
2079 4923 2123 4994 in
2144 4945 2288 4995 comme·

1306 5020 1490 5093 morandis
1506 5020 1691 5107 laudibus,
1718 5024 1803 5096 item
1819 5024 1856 5093 in
1871 5022 2066 5109 suasoriis,
2093 5026 2163 5122 qui
2186 5047 2287 5098 rernm

1304 5121 1544 5209 studuerint,
1569 5126 1613 5195 de
1631 5126 1760 5220 quibus
1777 5127 1913 5222 agitur,
1937 5126 2156 5216 declarant,
2183 5128 2287 5213 nt,is

1304 5225 1469 5299 laudibus
1489 5226 1606 5319 pacis,
1631 5243 1869 5303 numerantur
1882 5229 2004 5301 omnia
2018 5233 2130 5322 pacis
2147 5253 2287 5307 comne-

1305 5329 1371 5413 da,
1396 5328 1513 5402 studia
1528 5353 1650 5402 rerum
1673 5334 1892 5405 urbanarum
1917 5332 2066 5425 privata
2089 5351 2132 5409 et
2151 5335 2288 5431 publia

1306 5430 1448 5515 literae,
1482 5434 1735 5518 mercimonia,
1767 5450 1832 5506 etc.
1892 5434 2025 5504 Contra
2047 5437 2286 5512 hellornmirr

1307 5607 1417 5619 --------
1449 5610 1509 5618 ..-....

1337 5700 1387 5762 a)
1406 5698 1488 5766 vire
1503 5699 1739 5768 letam-st.
