<?xml version="1.0" encoding="UTF-8"?>
<!DOCTYPE html PUBLIC "-//W3C//DTD XHTML 1.0 Transitional//EN"
    "http://www.w3.org/TR/xhtml1/DTD/xhtml1-transitional.dtd">
<html xmlns="http://www.w3.org/1999/xhtml" xml:lang="en" lang="en">
 <head>
  <title>
</title>
<meta http-equiv="Content-Type" content="text/html;charset=utf-8" />
  <meta name='ocr-system' content='tesseract 3.04.00' />
  <meta name='ocr-capabilities' content='ocr_page ocr_carea ocr_par ocr_line ocrx_word'/>
</head>
<body>
  <div class='ocr_page' id='page_1' title='image "./philippimelanth20melagoog_0118.png"; bbox 0 0 5125 6525; ppageno 0'>
   <div class='ocr_carea' id='block_1_1' title="bbox 258 387 2298 538">
    <p class='ocr_par' dir='ltr' id='par_1_1' title="bbox 258 363 2298 538">
     <span class='ocr_line' id='line_1_1' title="bbox 258 387 2298 538; baseline -0 -53"><span class='ocrx_word' id='word_1_1' title='bbox 258 407 367 518; x_wconf 34' lang='lat' dir='ltr'>soal</span> <span class='ocrx_word' id='word_1_2' title='bbox 922 387 1045 482; x_wconf 70' lang='lat' dir='ltr'>xctr</span> <span class='ocrx_word' id='word_1_3' title='bbox 1097 405 1429 481; x_wconf 74' lang='lat' dir='ltr'>araunium</span> <span class='ocrx_word' id='word_1_4' title='bbox 1451 403 1646 482; x_wconf 70' lang='lat' dir='ltr'>curma</span> <span class='ocrx_word' id='word_1_5' title='bbox 2117 423 2120 430; x_wconf 47' lang='lat'><em>¹</em></span> <span class='ocrx_word' id='word_1_6' title='bbox 2222 414 2298 538; x_wconf 71' lang='lat' dir='ltr'>soe</span> 
     </span>
    </p>
   </div>
   <div class='ocr_carea' id='block_1_2' title="bbox 247 578 2300 983">
    <p class='ocr_par' dir='ltr' id='par_1_2' title="bbox 247 578 2300 983">
     <span class='ocr_line' id='line_1_2' title="bbox 258 578 2297 675; baseline -0.001 -23"><span class='ocrx_word' id='word_1_7' title='bbox 258 580 454 675; x_wconf 87' lang='lat' dir='ltr'>praeterita</span> <span class='ocrx_word' id='word_1_8' title='bbox 474 578 700 671; x_wconf 88' lang='lat' dir='ltr'>simplicium</span> <span class='ocrx_word' id='word_1_9' title='bbox 734 578 916 670; x_wconf 80' lang='lat' dir='ltr'>geminent</span> <span class='ocrx_word' id='word_1_10' title='bbox 950 580 1107 671; x_wconf 92' lang='lat' dir='ltr'>primam</span> <span class='ocrx_word' id='word_1_11' title='bbox 1148 580 1254 673; x_wconf 89' lang='lat' dir='ltr'>sylla·</span> <span class='ocrx_word' id='word_1_12' title='bbox 1404 578 1438 648; x_wconf 81' lang='lat' dir='ltr'>A</span> <span class='ocrx_word' id='word_1_13' title='bbox 1475 581 1597 670; x_wconf 83' lang='lat' dir='ltr'>regula</span> <span class='ocrx_word' id='word_1_14' title='bbox 1631 580 1749 649; x_wconf 86' lang='lat' dir='ltr'>variat</span> <span class='ocrx_word' id='word_1_15' title='bbox 1789 593 1824 650; x_wconf 92' lang='lat' dir='ltr'>et</span> <span class='ocrx_word' id='word_1_16' title='bbox 1856 592 1981 673; x_wconf 91' lang='lat' dir='ltr'>potum</span> <span class='ocrx_word' id='word_1_17' title='bbox 2016 606 2084 673; x_wconf 92' lang='lat' dir='ltr'>pro</span> <span class='ocrx_word' id='word_1_18' title='bbox 2118 594 2297 675; x_wconf 89' lang='lat' dir='ltr'>potatum,</span> 
     </span>
     <span class='ocr_line' id='line_1_3' title="bbox 258 680 2297 781; baseline -0 -28"><span class='ocrx_word' id='word_1_19' title='bbox 258 686 364 767; x_wconf 90' lang='lat' dir='ltr'>bam,</span> <span class='ocrx_word' id='word_1_20' title='bbox 407 684 446 751; x_wconf 76' lang='lat' dir='ltr'>in·</span> <span class='ocrx_word' id='word_1_21' title='bbox 481 681 689 773; x_wconf 89' lang='lat' dir='ltr'>compositis</span> <span class='ocrx_word' id='word_1_22' title='bbox 724 682 762 751; x_wconf 91' lang='lat' dir='ltr'>id</span> <span class='ocrx_word' id='word_1_23' title='bbox 791 706 866 751; x_wconf 89' lang='lat' dir='ltr'>non</span> <span class='ocrx_word' id='word_1_24' title='bbox 888 683 1097 770; x_wconf 84' lang='lat' dir='ltr'>observetur</span> <span class='ocrx_word' id='word_1_25' title='bbox 1107 680 1175 781; x_wconf 80' lang='lat'>⁹¹),</span> <span class='ocrx_word' id='word_1_26' title='bbox 1212 694 1254 752; x_wconf 90' lang='lat' dir='ltr'>ut</span> <span class='ocrx_word' id='word_1_27' title='bbox 1304 682 1451 776; x_wconf 91' lang='lat' dir='ltr'>quidam</span> <span class='ocrx_word' id='word_1_28' title='bbox 1470 706 1537 772; x_wconf 91' lang='lat' dir='ltr'>pro</span> <span class='ocrx_word' id='word_1_29' title='bbox 1557 682 1683 773; x_wconf 85' lang='lat' dir='ltr'>potavi</span> <span class='ocrx_word' id='word_1_30' title='bbox 1700 695 1735 752; x_wconf 94' lang='lat' dir='ltr'>et</span> <span class='ocrx_word' id='word_1_31' title='bbox 1750 696 1858 775; x_wconf 86' lang='lat' dir='ltr'>potus</span> <span class='ocrx_word' id='word_1_32' title='bbox 1877 708 1956 754; x_wconf 92' lang='lat' dir='ltr'>sum</span> <span class='ocrx_word' id='word_1_33' title='bbox 1969 682 2018 774; x_wconf 65' lang='grc' dir='ltr'>θ’)</span> <span class='ocrx_word' id='word_1_34' title='bbox 2040 685 2079 752; x_wconf 93' lang='lat' dir='ltr'>in</span> <span class='ocrx_word' id='word_1_35' title='bbox 2101 685 2297 775; x_wconf 89' lang='lat' dir='ltr'>praeterito</span> 
     </span>
     <span class='ocr_line' id='line_1_4' title="bbox 247 780 2299 877; baseline -0.001 -21"><span class='ocrx_word' id='word_1_36' title='bbox 247 788 370 866; x_wconf 75' lang='lat' dir='ltr'>,caedo</span> <span class='ocrx_word' id='word_1_37' title='bbox 399 785 550 866; x_wconf 81' lang='lat' dir='ltr'>caecidi,</span> <span class='ocrx_word' id='word_1_38' title='bbox 595 784 719 854; x_wconf 90' lang='lat' dir='ltr'>occido</span> <span class='ocrx_word' id='word_1_39' title='bbox 750 784 875 854; x_wconf 90' lang='lat' dir='ltr'>occidi.</span> <span class='ocrx_word' id='word_1_40' title='bbox 939 783 1075 855; x_wconf 85' lang='lat' dir='ltr'>Verum</span> <span class='ocrx_word' id='word_1_41' title='bbox 1099 780 1188 853; x_wconf 89' lang='lat' dir='ltr'>baec</span> <span class='ocrx_word' id='word_1_42' title='bbox 1214 785 1253 851; x_wconf 92' lang='lat' dir='ltr'>in</span> <span class='ocrx_word' id='word_1_43' title='bbox 1303 784 1593 875; x_wconf 85' lang='lat' dir='ltr'>iaciuutapoto,</span> <span class='ocrx_word' id='word_1_44' title='bbox 1618 786 1680 855; x_wconf 90' lang='lat' dir='ltr'>sed</span> <span class='ocrx_word' id='word_1_45' title='bbox 1697 798 1804 877; x_wconf 92' lang='lat' dir='ltr'>potus</span> <span class='ocrx_word' id='word_1_46' title='bbox 1818 811 1911 869; x_wconf 88' lang='lat' dir='ltr'>sum,</span> <span class='ocrx_word' id='word_1_47' title='bbox 1937 810 2019 855; x_wconf 96' lang='lat' dir='ltr'>meo</span> <span class='ocrx_word' id='word_1_48' title='bbox 2035 786 2188 868; x_wconf 92' lang='lat' dir='ltr'>iudicio,</span> <span class='ocrx_word' id='word_1_49' title='bbox 2214 786 2299 856; x_wconf 93' lang='lat' dir='ltr'>sim-</span> 
     </span>
     <span class='ocr_line' id='line_1_5' title="bbox 259 885 2300 983; baseline -0 -25"><span class='ocrx_word' id='word_1_50' title='bbox 259 888 469 981; x_wconf 82' lang='lat' dir='ltr'>compositis</span> <span class='ocrx_word' id='word_1_51' title='bbox 484 887 591 957; x_wconf 89' lang='lat' dir='ltr'>etiam</span> <span class='ocrx_word' id='word_1_52' title='bbox 612 887 797 978; x_wconf 82' lang='lat' dir='ltr'>geminant</span> <span class='ocrx_word' id='word_1_53' title='bbox 812 887 967 979; x_wconf 84' lang='lat' dir='ltr'>primam</span> <span class='ocrx_word' id='word_1_54' title='bbox 986 888 1160 980; x_wconf 79' lang='lat' dir='ltr'>syllabam</span> <span class='ocrx_word' id='word_1_55' title='bbox 1181 885 1253 970; x_wconf 88' lang='lat' dir='ltr'>Do,</span> <span class='ocrx_word' id='word_1_56' title='bbox 1304 886 1444 979; x_wconf 80' lang='lat' dir='ltr'>pliciter</span> <span class='ocrx_word' id='word_1_57' title='bbox 1458 886 1638 976; x_wconf 83' lang='lat' dir='ltr'>passivum</span> <span class='ocrx_word' id='word_1_58' title='bbox 1655 899 1726 971; x_wconf 91' lang='lat' dir='ltr'>est,</span> <span class='ocrx_word' id='word_1_59' title='bbox 1754 900 1880 980; x_wconf 89' lang='lat' dir='ltr'>potum</span> <span class='ocrx_word' id='word_1_60' title='bbox 1897 888 2052 958; x_wconf 89' lang='lat' dir='ltr'>activum</span> <span class='ocrx_word' id='word_1_61' title='bbox 2062 887 2129 983; x_wconf 79' lang='lat'>⁹⁸),</span> <span class='ocrx_word' id='word_1_62' title='bbox 2156 888 2300 960; x_wconf 84' lang='lat' dir='ltr'>tametsi</span> 
     </span>
    </p>
   </div>
   <div class='ocr_carea' id='block_1_3' title="bbox 260 988 2298 1082">
    <p class='ocr_par' dir='ltr' id='par_1_3' title="bbox 260 988 2298 1082">
     <span class='ocr_line' id='line_1_6' title="bbox 260 988 2298 1082; baseline 0 -22"><span class='ocrx_word' id='word_1_63' title='bbox 260 990 499 1071; x_wconf 87' lang='lat' dir='ltr'>circumdedi;</span> <span class='ocrx_word' id='word_1_64' title='bbox 532 989 616 1073; x_wconf 91' lang='lat' dir='ltr'>Sto,</span> <span class='ocrx_word' id='word_1_65' title='bbox 649 989 781 1071; x_wconf 87' lang='lat' dir='ltr'>restiti;</span> <span class='ocrx_word' id='word_1_66' title='bbox 814 989 944 1075; x_wconf 82' lang='lat' dir='ltr'>Disco,</span> <span class='ocrx_word' id='word_1_67' title='bbox 974 989 1146 1070; x_wconf 88' lang='lat' dir='ltr'>dedidici;</span> <span class='ocrx_word' id='word_1_68' title='bbox 1181 990 1252 1058; x_wconf 88' lang='lat' dir='ltr'>Po·</span> <span class='ocrx_word' id='word_1_69' title='bbox 1306 1000 1442 1059; x_wconf 87' lang='lat' dir='ltr'>veteres</span> <span class='ocrx_word' id='word_1_70' title='bbox 1467 988 1628 1059; x_wconf 90' lang='lat' dir='ltr'>absolute</span> <span class='ocrx_word' id='word_1_71' title='bbox 1649 990 1755 1059; x_wconf 92' lang='lat' dir='ltr'>etiam</span> <span class='ocrx_word' id='word_1_72' title='bbox 1779 1015 1846 1081; x_wconf 94' lang='lat' dir='ltr'>pro</span> <span class='ocrx_word' id='word_1_73' title='bbox 1868 990 1945 1059; x_wconf 87' lang='lat' dir='ltr'>bibi</span> <span class='ocrx_word' id='word_1_74' title='bbox 1967 991 2135 1061; x_wconf 81' lang='lat' dir='ltr'>dixerunt</span> <span class='ocrx_word' id='word_1_75' title='bbox 2160 991 2298 1082; x_wconf 84' lang='lat' dir='ltr'>potavi.</span> 
     </span>
    </p>
   </div>
   <div class='ocr_carea' id='block_1_4' title="bbox 260 1090 1252 1287">
    <p class='ocr_par' dir='ltr' id='par_1_4' title="bbox 260 1090 1252 1287">
     <span class='ocr_line' id='line_1_7' title="bbox 260 1090 1252 1186; baseline -0.003 -22"><span class='ocrx_word' id='word_1_76' title='bbox 260 1117 343 1176; x_wconf 84' lang='lat' dir='ltr'>sco,</span> <span class='ocrx_word' id='word_1_77' title='bbox 368 1093 580 1186; x_wconf 88' lang='lat' dir='ltr'>depoposci;</span> <span class='ocrx_word' id='word_1_78' title='bbox 605 1091 755 1184; x_wconf 79' lang='lat' dir='ltr'>Fungo,</span> <span class='ocrx_word' id='word_1_79' title='bbox 781 1090 971 1184; x_wconf 79' lang='lat' dir='ltr'>repupugi.</span> <span class='ocrx_word' id='word_1_80' title='bbox 1006 1091 1159 1163; x_wconf 82' lang='lat' dir='ltr'>Acurro</span> <span class='ocrx_word' id='word_1_81' title='bbox 1176 1115 1252 1161; x_wconf 90' lang='lat' dir='ltr'>non</span> 
     </span>
     <span class='ocr_line' id='line_1_8' title="bbox 260 1193 617 1287; baseline -0.003 -22"><span class='ocrx_word' id='word_1_82' title='bbox 260 1195 441 1287; x_wconf 81' lang='lat' dir='ltr'>geminata</span> <span class='ocrx_word' id='word_1_83' title='bbox 461 1193 617 1287; x_wconf 84' lang='lat' dir='ltr'>reperio.</span> 
     </span>
    </p>
   </div>
   <div class='ocr_carea' id='block_1_5' title="bbox 429 1362 1087 1595">
    <p class='ocr_par' dir='ltr' id='par_1_5' title="bbox 429 1362 1087 1595">
     <span class='ocr_line' id='line_1_9' title="bbox 575 1362 936 1455; baseline -0.006 -22"><span class='ocrx_word' id='word_1_84' title='bbox 575 1362 639 1433; x_wconf 92' lang='lat' dir='ltr'>De</span> <span class='ocrx_word' id='word_1_85' title='bbox 666 1362 936 1455; x_wconf 89' lang='lat' dir='ltr'>praeterito</span> 
     </span>
     <span class='ocr_line' id='line_1_10' title="bbox 429 1482 1087 1595; baseline -0.002 -32"><span class='ocrx_word' id='word_1_86' title='bbox 429 1484 624 1591; x_wconf 85' lang='lat' dir='ltr'>primae</span> <span class='ocrx_word' id='word_1_87' title='bbox 662 1482 1087 1595; x_wconf 81' lang='lat' dir='ltr'>coniugationis.</span> 
     </span>
    </p>
   </div>
   <div class='ocr_carea' id='block_1_6' title="bbox 260 1624 1252 1819">
    <p class='ocr_par' dir='ltr' id='par_1_6' title="bbox 260 1624 1252 1819">
     <span class='ocr_line' id='line_1_11' title="bbox 362 1624 1252 1722; baseline 0 -23"><span class='ocrx_word' id='word_1_88' title='bbox 362 1630 433 1700; x_wconf 81' lang='lat' dir='ltr'>Avi</span> <span class='ocrx_word' id='word_1_89' title='bbox 448 1624 634 1700; x_wconf 81' lang='lat' dir='ltr'>character</span> <span class='ocrx_word' id='word_1_90' title='bbox 649 1643 708 1700; x_wconf 85' lang='lat' dir='ltr'>est</span> <span class='ocrx_word' id='word_1_91' title='bbox 716 1630 902 1722; x_wconf 90' lang='lat' dir='ltr'>praeteriti</span> <span class='ocrx_word' id='word_1_92' title='bbox 917 1629 1057 1721; x_wconf 89' lang='lat' dir='ltr'>primae</span> <span class='ocrx_word' id='word_1_93' title='bbox 1083 1631 1252 1722; x_wconf 81' lang='lat' dir='ltr'>coniuga-</span> 
     </span>
     <span class='ocr_line' id='line_1_12' title="bbox 260 1732 472 1819; baseline 0 -19"><span class='ocrx_word' id='word_1_94' title='bbox 260 1732 387 1819; x_wconf 89' lang='lat' dir='ltr'>tionis,</span> <span class='ocrx_word' id='word_1_95' title='bbox 411 1746 472 1815; x_wconf 89' lang='lat' dir='ltr'>ut,</span> 
     </span>
    </p>
   </div>
   <div class='ocr_carea' id='block_1_7' title="bbox 415 1834 890 1903">
    <p class='ocr_par' dir='ltr' id='par_1_7' title="bbox 415 1834 890 1903">
     <span class='ocr_line' id='line_1_13' title="bbox 415 1834 890 1903; baseline 0.002 -2"><span class='ocrx_word' id='word_1_96' title='bbox 415 1836 509 1901; x_wconf 80' lang='lat' dir='ltr'>Amo</span> <span class='ocrx_word' id='word_1_97' title='bbox 758 1834 890 1903; x_wconf 83' lang='lat' dir='ltr'>amavi.</span> 
     </span>
    </p>
   </div>
   <div class='ocr_carea' id='block_1_8' title="bbox 413 1964 1047 2262">
    <p class='ocr_par' dir='ltr' id='par_1_8' title="bbox 413 1964 1047 2262">
     <span class='ocr_line' id='line_1_14' title="bbox 503 1964 835 2058; baseline 0.024 -29"><span class='ocrx_word' id='word_1_98' title='bbox 503 2018 509 2029; x_wconf 92' lang='lat'>.</span> <span class='ocrx_word' id='word_1_99' title='bbox 666 1964 835 2058; x_wconf 73' lang='lat' dir='ltr'>¹Excipe:</span> 
     </span>
     <span class='ocr_line' id='line_1_15' title="bbox 414 2083 1045 2159; baseline 0.005 -6"><span class='ocrx_word' id='word_1_100' title='bbox 414 2083 471 2154; x_wconf 87' lang='lat' dir='ltr'>Do</span> <span class='ocrx_word' id='word_1_101' title='bbox 603 2086 685 2154; x_wconf 92' lang='lat' dir='ltr'>dedi</span> <span class='ocrx_word' id='word_1_102' title='bbox 757 2087 821 2156; x_wconf 88' lang='lat' dir='ltr'>Sto</span> <span class='ocrx_word' id='word_1_103' title='bbox 962 2088 1045 2159; x_wconf 87' lang='lat' dir='ltr'>steti</span> 
     </span>
     <span class='ocr_line' id='line_1_16' title="bbox 413 2184 1047 2262; baseline 0.013 -8"><span class='ocrx_word' id='word_1_104' title='bbox 413 2184 501 2257; x_wconf 90' lang='lat' dir='ltr'>luvo</span> <span class='ocrx_word' id='word_1_105' title='bbox 605 2188 683 2258; x_wconf 88' lang='lat' dir='ltr'>iuvi</span> <span class='ocrx_word' id='word_1_106' title='bbox 756 2187 857 2257; x_wconf 90' lang='lat' dir='ltr'>Lavo</span> <span class='ocrx_word' id='word_1_107' title='bbox 962 2191 1047 2262; x_wconf 87' lang='lat' dir='ltr'>lavi.</span> 
     </span>
    </p>
   </div>
   <div class='ocr_carea' id='block_1_9' title="bbox 259 2304 1252 2493">
    <p class='ocr_par' dir='ltr' id='par_1_9' title="bbox 259 2304 1252 2493">
     <span class='ocr_line' id='line_1_17' title="bbox 359 2304 1252 2398; baseline 0.001 -20"><span class='ocrx_word' id='word_1_108' title='bbox 359 2304 454 2378; x_wconf 89' lang='lat' dir='ltr'>Nam</span> <span class='ocrx_word' id='word_1_109' title='bbox 487 2321 624 2382; x_wconf 81' lang='lat' dir='ltr'>,veteres</span> <span class='ocrx_word' id='word_1_110' title='bbox 655 2307 897 2398; x_wconf 82' lang='lat' dir='ltr'>coniugarunt</span> <span class='ocrx_word' id='word_1_111' title='bbox 925 2308 1033 2378; x_wconf 88' lang='lat' dir='ltr'>etiam</span> <span class='ocrx_word' id='word_1_112' title='bbox 1056 2310 1139 2379; x_wconf 85' lang='lat' dir='ltr'>lavo</span> <span class='ocrx_word' id='word_1_113' title='bbox 1162 2310 1252 2379; x_wconf 89' lang='lat' dir='ltr'>lavis</span> 
     </span>
     <span class='ocr_line' id='line_1_18' title="bbox 259 2408 691 2493; baseline 0.005 -14"><span class='ocrx_word' id='word_1_114' title='bbox 259 2408 399 2493; x_wconf 83' lang='lat' dir='ltr'>lavere,</span> <span class='ocrx_word' id='word_1_115' title='bbox 426 2408 534 2479; x_wconf 88' lang='lat' dir='ltr'>tertio</span> <span class='ocrx_word' id='word_1_116' title='bbox 550 2410 691 2481; x_wconf 88' lang='lat' dir='ltr'>ordine.</span> 
     </span>
    </p>
   </div>
   <div class='ocr_carea' id='block_1_10' title="bbox 396 2525 1025 2706">
    <p class='ocr_par' dir='ltr' id='par_1_10' title="bbox 396 2525 1025 2706">
     <span class='ocr_line' id='line_1_19' title="bbox 416 2525 1025 2617; baseline -0.003 -22"><span class='ocrx_word' id='word_1_117' title='bbox 416 2525 518 2595; x_wconf 91' lang='lat' dir='ltr'>Cubo</span> <span class='ocrx_word' id='word_1_118' title='bbox 543 2526 650 2595; x_wconf 91' lang='lat' dir='ltr'>cubui</span> <span class='ocrx_word' id='word_1_119' title='bbox 757 2525 876 2617; x_wconf 88' lang='lat' dir='ltr'>Crepo</span> <span class='ocrx_word' id='word_1_120' title='bbox 901 2527 1025 2616; x_wconf 89' lang='lat' dir='ltr'>crepui</span> 
     </span>
     <span class='ocr_line' id='line_1_20' title="bbox 396 2624 993 2706; baseline 0 -12"><span class='ocrx_word' id='word_1_121' title='bbox 396 2624 537 2706; x_wconf 50' lang='lat' dir='ltr'>,Domo</span> <span class='ocrx_word' id='word_1_122' title='bbox 560 2627 687 2696; x_wconf 92' lang='lat' dir='ltr'>domui</span> <span class='ocrx_word' id='word_1_123' title='bbox 757 2626 865 2696; x_wconf 88' lang='lat' dir='ltr'>Frico</span> <span class='ocrx_word' id='word_1_124' title='bbox 885 2627 993 2697; x_wconf 85' lang='lat' dir='ltr'>fricui</span> 
     </span>
    </p>
   </div>
   <div class='ocr_carea' id='block_1_11' title="bbox 243 2728 1253 3342">
    <p class='ocr_par' dir='ltr' id='par_1_11' title="bbox 243 2728 1253 3342">
     <span class='ocr_line' id='line_1_21' title="bbox 416 2728 1252 2821; baseline 0.001 -23"><span class='ocrx_word' id='word_1_125' title='bbox 416 2728 505 2817; x_wconf 87' lang='lat' dir='ltr'>Seco</span> <span class='ocrx_word' id='word_1_126' title='bbox 531 2729 627 2800; x_wconf 90' lang='lat' dir='ltr'>secui</span> <span class='ocrx_word' id='word_1_127' title='bbox 758 2728 856 2799; x_wconf 84' lang='lat' dir='ltr'>Miro</span> <span class='ocrx_word' id='word_1_128' title='bbox 873 2729 998 2810; x_wconf 87' lang='lat' dir='ltr'>micui;</span> <span class='ocrx_word' id='word_1_129' title='bbox 1024 2730 1086 2799; x_wconf 90' lang='lat' dir='ltr'>sed</span> <span class='ocrx_word' id='word_1_130' title='bbox 1104 2753 1252 2821; x_wconf 90' lang='lat' dir='ltr'>compo-</span> 
     </span>
     <span class='ocr_line' id='line_1_22' title="bbox 372 2830 1239 2916; baseline 0.005 -16"><span class='ocrx_word' id='word_1_131' title='bbox 372 2861 375 2865; x_wconf 94' lang='lat'>·</span> <span class='ocrx_word' id='word_1_132' title='bbox 417 2830 516 2900; x_wconf 93' lang='lat' dir='ltr'>Sono</span> <span class='ocrx_word' id='word_1_133' title='bbox 533 2831 640 2902; x_wconf 91' lang='lat' dir='ltr'>sonui</span> <span class='ocrx_word' id='word_1_134' title='bbox 807 2832 875 2901; x_wconf 89' lang='lat' dir='ltr'>sita</span> <span class='ocrx_word' id='word_1_135' title='bbox 891 2832 1081 2916; x_wconf 87' lang='lat' dir='ltr'>dimicavi,</span> <span class='ocrx_word' id='word_1_136' title='bbox 1109 2832 1239 2904; x_wconf 88' lang='lat' dir='ltr'>emicui</span> 
     </span>
     <span class='ocr_line' id='line_1_23' title="bbox 416 2932 976 3004; baseline 0.004 -4"><span class='ocrx_word' id='word_1_137' title='bbox 416 2932 524 3003; x_wconf 80' lang='lat' dir='ltr'>&#39;l&#39;ono</span> <span class='ocrx_word' id='word_1_138' title='bbox 546 2936 651 3003; x_wconf 91' lang='lat' dir='ltr'>tonui</span> <span class='ocrx_word' id='word_1_139' title='bbox 760 2933 852 3003; x_wconf 89' lang='lat' dir='ltr'>Veto</span> <span class='ocrx_word' id='word_1_140' title='bbox 877 2935 976 3004; x_wconf 86' lang='lat' dir='ltr'>vetui</span> 
     </span>
     <span class='ocr_line' id='line_1_24' title="bbox 416 3034 1214 3128; baseline 0.006 -25"><span class='ocrx_word' id='word_1_141' title='bbox 416 3035 517 3104; x_wconf 89' lang='lat' dir='ltr'>Plieo</span> <span class='ocrx_word' id='word_1_142' title='bbox 541 3035 672 3127; x_wconf 88' lang='lat' dir='ltr'>plicui;</span> <span class='ocrx_word' id='word_1_143' title='bbox 696 3038 758 3104; x_wconf 82' lang='lat' dir='ltr'>sed</span> <span class='ocrx_word' id='word_1_144' title='bbox 775 3036 953 3128; x_wconf 89' lang='lat' dir='ltr'>adplicavi</span> <span class='ocrx_word' id='word_1_145' title='bbox 970 3036 1062 3105; x_wconf 81' lang='lat' dir='ltr'>dixit</span> <span class='ocrx_word' id='word_1_146' title='bbox 1076 3034 1214 3108; x_wconf 83' lang='lat' dir='ltr'>Cicero.</span> 
     </span>
     <span class='ocr_line' id='line_1_25' title="bbox 243 3145 1253 3249; baseline 0.002 -24"><span class='ocrx_word' id='word_1_147' title='bbox 243 3171 245 3176; x_wconf 87' lang='grc'><strong>’</strong></span> <span class='ocrx_word' id='word_1_148' title='bbox 363 3154 468 3225; x_wconf 72' lang='lat' dir='ltr'>ado</span> <span class='ocrx_word' id='word_1_149' title='bbox 492 3145 601 3248; x_wconf 91' lang='lat' dir='ltr'>primi</span> <span class='ocrx_word' id='word_1_150' title='bbox 626 3155 763 3226; x_wconf 90' lang='lat' dir='ltr'>ordinis</span> <span class='ocrx_word' id='word_1_151' title='bbox 787 3169 892 3239; x_wconf 87' lang='lat' dir='ltr'>sunt,</span> <span class='ocrx_word' id='word_1_152' title='bbox 928 3157 1133 3240; x_wconf 91' lang='lat' dir='ltr'>circumdo,</span> <span class='ocrx_word' id='word_1_153' title='bbox 1174 3181 1253 3249; x_wconf 91' lang='lat' dir='ltr'>pes-</span> 
     </span>
     <span class='ocr_line' id='line_1_26' title="bbox 262 3255 904 3342; baseline 0.006 -17"><span class='ocrx_word' id='word_1_154' title='bbox 262 3255 400 3341; x_wconf 86' lang='lat' dir='ltr'>sundo,</span> <span class='ocrx_word' id='word_1_155' title='bbox 426 3260 616 3342; x_wconf 84' lang='lat' dir='ltr'>venundo,</span> <span class='ocrx_word' id='word_1_156' title='bbox 642 3272 779 3329; x_wconf 89' lang='lat' dir='ltr'>caetera</span> <span class='ocrx_word' id='word_1_157' title='bbox 794 3258 904 3329; x_wconf 91' lang='lat' dir='ltr'>tertii.</span> 
     </span>
    </p>
   </div>
   <div class='ocr_carea' id='block_1_12' title="bbox 263 3377 1254 3565">
    <p class='ocr_par' dir='ltr' id='par_1_12' title="bbox 263 3377 1254 3565">
     <span class='ocr_line' id='line_1_27' title="bbox 365 3377 1254 3463; baseline 0 -16"><span class='ocrx_word' id='word_1_158' title='bbox 365 3377 399 3447; x_wconf 82' lang='lat' dir='ltr'><strong>A</strong></span> <span class='ocrx_word' id='word_1_159' title='bbox 414 3377 526 3463; x_wconf 89' lang='lat' dir='ltr'>cubo,</span> <span class='ocrx_word' id='word_1_160' title='bbox 552 3403 632 3448; x_wconf 91' lang='lat' dir='ltr'>cum</span> <span class='ocrx_word' id='word_1_161' title='bbox 649 3403 685 3445; x_wconf 92' lang='lat' dir='ltr'>m</span> <span class='ocrx_word' id='word_1_162' title='bbox 703 3380 905 3463; x_wconf 87' lang='lat' dir='ltr'>adciscunt,</span> <span class='ocrx_word' id='word_1_163' title='bbox 930 3380 1023 3447; x_wconf 86' lang='lat' dir='ltr'>fiunt</span> <span class='ocrx_word' id='word_1_164' title='bbox 1043 3379 1141 3448; x_wconf 90' lang='lat' dir='ltr'>tertii</span> <span class='ocrx_word' id='word_1_165' title='bbox 1156 3379 1254 3449; x_wconf 91' lang='lat' dir='ltr'>ordi-</span> 
     </span>
     <span class='ocr_line' id='line_1_28' title="bbox 263 3478 747 3565; baseline 0.002 -16"><span class='ocrx_word' id='word_1_166' title='bbox 263 3478 341 3565; x_wconf 81' lang='lat' dir='ltr'>nis,</span> <span class='ocrx_word' id='word_1_167' title='bbox 364 3493 425 3564; x_wconf 92' lang='lat' dir='ltr'>ut,</span> <span class='ocrx_word' id='word_1_168' title='bbox 452 3482 662 3551; x_wconf 87' lang='lat' dir='ltr'>accumbere</span> <span class='ocrx_word' id='word_1_169' title='bbox 682 3494 747 3550; x_wconf 91' lang='lat' dir='ltr'>etc.</span> 
     </span>
    </p>
   </div>
   <div class='ocr_carea' id='block_1_13' title="bbox 624 3643 902 3739">
    <p class='ocr_par' dir='ltr' id='par_1_13' title="bbox 624 3643 902 3739">
     <span class='ocr_line' id='line_1_29' title="bbox 624 3643 902 3739; baseline 0.022 -26"><span class='ocrx_word' id='word_1_170' title='bbox 624 3643 687 3714; x_wconf 88' lang='lat' dir='ltr'>De</span> <span class='ocrx_word' id='word_1_171' title='bbox 722 3646 902 3739; x_wconf 84' lang='lat' dir='ltr'>supino.</span> 
     </span>
    </p>
   </div>
   <div class='ocr_carea' id='block_1_14' title="bbox 263 3776 1256 3978">
    <p class='ocr_par' dir='ltr' id='par_1_14' title="bbox 263 3776 1256 3978">
     <span class='ocr_line' id='line_1_30' title="bbox 368 3776 1256 3876; baseline 0.003 -24"><span class='ocrx_word' id='word_1_172' title='bbox 368 3783 480 3866; x_wconf 82' lang='lat' dir='ltr'>Atum</span> <span class='ocrx_word' id='word_1_173' title='bbox 512 3776 697 3851; x_wconf 84' lang='lat' dir='ltr'>character</span> <span class='ocrx_word' id='word_1_174' title='bbox 720 3796 772 3852; x_wconf 85' lang='lat' dir='ltr'>est</span> <span class='ocrx_word' id='word_1_175' title='bbox 793 3782 1027 3876; x_wconf 90' lang='lat' dir='ltr'>supinorum,</span> <span class='ocrx_word' id='word_1_176' title='bbox 1062 3796 1125 3875; x_wconf 12' lang='lat' dir='ltr'>tut,</span> <span class='ocrx_word' id='word_1_177' title='bbox 1157 3809 1256 3855; x_wconf 92' lang='lat' dir='ltr'>ama-</span> 
     </span>
     <span class='ocr_line' id='line_1_31' title="bbox 263 3884 1141 3978; baseline 0.001 -22"><span class='ocrx_word' id='word_1_178' title='bbox 263 3891 364 3971; x_wconf 85' lang='lat' dir='ltr'>tum&#39;,</span> <span class='ocrx_word' id='word_1_179' title='bbox 389 3886 429 3953; x_wconf 88' lang='lat' dir='ltr'>iit</span> <span class='ocrx_word' id='word_1_180' title='bbox 445 3884 540 3954; x_wconf 90' lang='lat' dir='ltr'>enim</span> <span class='ocrx_word' id='word_1_181' title='bbox 559 3909 580 3953; x_wconf 86' lang='lat' dir='ltr'>a</span> <span class='ocrx_word' id='word_1_182' title='bbox 596 3884 782 3978; x_wconf 87' lang='lat' dir='ltr'>praeteriti</span> <span class='ocrx_word' id='word_1_183' title='bbox 801 3886 1055 3956; x_wconf 88' lang='lat' dir='ltr'>terminatione</span> <span class='ocrx_word' id='word_1_184' title='bbox 1072 3886 1141 3957; x_wconf 85' lang='lat' dir='ltr'>avi.</span> 
     </span>
    </p>
   </div>
   <div class='ocr_carea' id='block_1_15' title="bbox 230 4004 1259 4509">
    <p class='ocr_par' dir='ltr' id='par_1_15' title="bbox 230 4004 1259 4509">
     <span class='ocr_line' id='line_1_32' title="bbox 368 4004 1256 4099; baseline 0.001 -24"><span class='ocrx_word' id='word_1_185' title='bbox 368 4005 471 4099; x_wconf 84' lang='lat' dir='ltr'>Quae</span> <span class='ocrx_word' id='word_1_186' title='bbox 487 4028 562 4073; x_wconf 91' lang='lat' dir='ltr'>uon</span> <span class='ocrx_word' id='word_1_187' title='bbox 582 4004 719 4077; x_wconf 87' lang='lat' dir='ltr'>iaciunt</span> <span class='ocrx_word' id='word_1_188' title='bbox 743 4006 976 4098; x_wconf 88' lang='lat' dir='ltr'>praeteritum</span> <span class='ocrx_word' id='word_1_189' title='bbox 1000 4006 1167 4098; x_wconf 86' lang='lat' dir='ltr'>peravi,</span> <span class='ocrx_word' id='word_1_190' title='bbox 1206 4007 1256 4077; x_wconf 92' lang='lat' dir='ltr'>sic</span> 
     </span>
     <span class='ocr_line' id='line_1_33' title="bbox 264 4107 567 4200; baseline -0.01 -22"><span class='ocrx_word' id='word_1_191' title='bbox 264 4108 404 4179; x_wconf 83' lang='lat' dir='ltr'>faciunt</span> <span class='ocrx_word' id='word_1_192' title='bbox 420 4107 567 4200; x_wconf 86' lang='lat' dir='ltr'>supina:</span> 
     </span>
     <span class='ocr_line' id='line_1_34' title="bbox 367 4208 1183 4296; baseline 0.005 -16"><span class='ocrx_word' id='word_1_193' title='bbox 367 4209 503 4280; x_wconf 91' lang='lat' dir='ltr'>Datum</span> <span class='ocrx_word' id='word_1_194' title='bbox 519 4209 622 4279; x_wconf 89' lang='lat' dir='ltr'>brevi</span> <span class='ocrx_word' id='word_1_195' title='bbox 641 4234 684 4293; x_wconf 92' lang='lat' dir='ltr'>a,</span> <span class='ocrx_word' id='word_1_196' title='bbox 710 4208 850 4281; x_wconf 89' lang='lat' dir='ltr'>Statum</span> <span class='ocrx_word' id='word_1_197' title='bbox 869 4211 971 4281; x_wconf 88' lang='lat' dir='ltr'>brevi</span> <span class='ocrx_word' id='word_1_198' title='bbox 986 4236 1026 4296; x_wconf 90' lang='lat' dir='ltr'>a,</span> <span class='ocrx_word' id='word_1_199' title='bbox 1051 4208 1183 4285; x_wconf 92' lang='lat' dir='ltr'>lutum.</span> 
     </span>
     <span class='ocr_line' id='line_1_35' title="bbox 230 4311 1259 4398; baseline 0.005 -19"><span class='ocrx_word' id='word_1_200' title='bbox 230 4364 237 4371; x_wconf 88' lang='lat'>.</span> <span class='ocrx_word' id='word_1_201' title='bbox 368 4311 524 4385; x_wconf 90' lang='lat' dir='ltr'>Lautum</span> <span class='ocrx_word' id='word_1_202' title='bbox 540 4325 576 4383; x_wconf 90' lang='lat' dir='ltr'>et</span> <span class='ocrx_word' id='word_1_203' title='bbox 589 4313 705 4382; x_wconf 89' lang='lat' dir='ltr'>lotum</span> <span class='ocrx_word' id='word_1_204' title='bbox 721 4314 833 4384; x_wconf 85' lang='lat' dir='ltr'>veteri</span> <span class='ocrx_word' id='word_1_205' title='bbox 857 4315 1134 4398; x_wconf 89' lang='lat' dir='ltr'>consuetudine,</span> <span class='ocrx_word' id='word_1_206' title='bbox 1167 4315 1259 4388; x_wconf 90' lang='lat' dir='ltr'>sicut</span> 
     </span>
     <span class='ocr_line' id='line_1_36' title="bbox 264 4413 724 4509; baseline 0.007 -26"><span class='ocrx_word' id='word_1_207' title='bbox 264 4413 442 4509; x_wconf 87' lang='lat' dir='ltr'>plostrum</span> <span class='ocrx_word' id='word_1_208' title='bbox 462 4429 496 4486; x_wconf 92' lang='lat' dir='ltr'>et</span> <span class='ocrx_word' id='word_1_209' title='bbox 510 4416 724 4509; x_wconf 88' lang='lat' dir='ltr'>plaustrum.</span> 
     </span>
    </p>
   </div>
   <div class='ocr_carea' id='block_1_16' title="bbox 254 4534 1261 5462">
    <p class='ocr_par' dir='ltr' id='par_1_16' title="bbox 254 4534 1261 5462">
     <span class='ocr_line' id='line_1_37' title="bbox 320 4534 779 4626; baseline -0.007 -20"><span class='ocrx_word' id='word_1_210' title='bbox 320 4534 490 4607; x_wconf 85' lang='lat' dir='ltr'>Cubitum</span> <span class='ocrx_word' id='word_1_211' title='bbox 595 4534 779 4626; x_wconf 91' lang='lat' dir='ltr'>Crepitum</span> 
     </span>
     <span class='ocr_line' id='line_1_38' title="bbox 304 4637 764 4709; baseline 0.002 -1"><span class='ocrx_word' id='word_1_212' title='bbox 304 4637 508 4708; x_wconf 85' lang='lat' dir='ltr'>&#39;Domitum</span> <span class='ocrx_word' id='word_1_213' title='bbox 591 4637 764 4709; x_wconf 88' lang='lat' dir='ltr'>Frictum.</span> 
     </span>
     <span class='ocr_line' id='line_1_39' title="bbox 318 4738 1259 4831; baseline -0.003 -20"><span class='ocrx_word' id='word_1_214' title='bbox 318 4739 462 4812; x_wconf 86' lang='lat' dir='ltr'>Sectum</span> <span class='ocrx_word' id='word_1_215' title='bbox 592 4739 689 4809; x_wconf 86' lang='lat' dir='ltr'>Mico</span> <span class='ocrx_word' id='word_1_216' title='bbox 714 4754 811 4810; x_wconf 91' lang='lat' dir='ltr'>caret</span> <span class='ocrx_word' id='word_1_217' title='bbox 835 4740 985 4831; x_wconf 89' lang='lat' dir='ltr'>supino,</span> <span class='ocrx_word' id='word_1_218' title='bbox 1025 4741 1088 4811; x_wconf 90' lang='lat' dir='ltr'>sed</span> <span class='ocrx_word' id='word_1_219' title='bbox 1111 4738 1259 4809; x_wconf 90' lang='lat' dir='ltr'>dimica-</span> 
     </span>
     <span class='ocr_line' id='line_1_40' title="bbox 319 4842 1178 4935; baseline 0 -21"><span class='ocrx_word' id='word_1_220' title='bbox 319 4843 485 4915; x_wconf 90' lang='lat' dir='ltr'>Sonitum</span> <span class='ocrx_word' id='word_1_221' title='bbox 646 4855 723 4914; x_wconf 93' lang='lat' dir='ltr'>tum</span> <span class='ocrx_word' id='word_1_222' title='bbox 743 4843 894 4914; x_wconf 84' lang='lat' dir='ltr'>dicimus</span> <span class='ocrx_word' id='word_1_223' title='bbox 912 4843 952 4911; x_wconf 92' lang='lat' dir='ltr'>in</span> <span class='ocrx_word' id='word_1_224' title='bbox 966 4842 1178 4935; x_wconf 90' lang='lat' dir='ltr'>composito.</span> 
     </span>
     <span class='ocr_line' id='line_1_41' title="bbox 319 4943 754 5016; baseline 0.005 -3"><span class='ocrx_word' id='word_1_225' title='bbox 319 4945 496 5016; x_wconf 80' lang='lat' dir='ltr'>&#39;l&#39;onitum</span> <span class='ocrx_word' id='word_1_226' title='bbox 593 4943 754 5015; x_wconf 86' lang='lat' dir='ltr'>Vetitum</span> 
     </span>
     <span class='ocr_line' id='line_1_42' title="bbox 320 5045 1260 5141; baseline 0.001 -28"><span class='ocrx_word' id='word_1_227' title='bbox 320 5045 497 5118; x_wconf 90' lang='lat' dir='ltr'>Plicatum</span> <span class='ocrx_word' id='word_1_228' title='bbox 592 5062 627 5120; x_wconf 91' lang='lat' dir='ltr'>et</span> <span class='ocrx_word' id='word_1_229' title='bbox 641 5049 680 5116; x_wconf 91' lang='lat' dir='ltr'>in</span> <span class='ocrx_word' id='word_1_230' title='bbox 697 5047 904 5141; x_wconf 86' lang='lat' dir='ltr'>compositis</span> <span class='ocrx_word' id='word_1_231' title='bbox 919 5047 1105 5139; x_wconf 89' lang='lat' dir='ltr'>plicitum,</span> <span class='ocrx_word' id='word_1_232' title='bbox 1138 5059 1178 5117; x_wconf 94' lang='lat' dir='ltr'>ut</span> <span class='ocrx_word' id='word_1_233' title='bbox 1194 5047 1260 5115; x_wconf 90' lang='lat' dir='ltr'>im-</span> 
     </span>
     <span class='ocr_line' id='line_1_43' title="bbox 641 5151 817 5244; baseline 0.006 -25"><span class='ocrx_word' id='word_1_234' title='bbox 641 5151 817 5244; x_wconf 86' lang='lat' dir='ltr'>plicitum.</span> 
     </span>
     <span class='ocr_line' id='line_1_44' title="bbox 373 5266 1261 5358; baseline 0.002 -21"><span class='ocrx_word' id='word_1_235' title='bbox 373 5268 407 5337; x_wconf 80' lang='lat' dir='ltr'>A</span> <span class='ocrx_word' id='word_1_236' title='bbox 435 5290 524 5336; x_wconf 92' lang='lat' dir='ltr'>neco</span> <span class='ocrx_word' id='word_1_237' title='bbox 555 5284 720 5342; x_wconf 89' lang='lat' dir='ltr'>necatum</span> <span class='ocrx_word' id='word_1_238' title='bbox 752 5271 791 5338; x_wconf 91' lang='lat' dir='ltr'>in</span> <span class='ocrx_word' id='word_1_239' title='bbox 822 5266 995 5358; x_wconf 89' lang='lat' dir='ltr'>simplici,</span> <span class='ocrx_word' id='word_1_240' title='bbox 1037 5283 1199 5341; x_wconf 87' lang='lat' dir='ltr'>enectum</span> <span class='ocrx_word' id='word_1_241' title='bbox 1221 5269 1261 5339; x_wconf 88' lang='lat' dir='ltr'>in</span> 
     </span>
     <span class='ocr_line' id='line_1_45' title="bbox 254 5369 663 5462; baseline 0.005 -23"><span class='ocrx_word' id='word_1_242' title='bbox 254 5369 472 5462; x_wconf 73' lang='lat' dir='ltr'>composito</span> <span class='ocrx_word' id='word_1_243' title='bbox 492 5371 663 5446; x_wconf 89' lang='lat' dir='ltr'>invenias.</span> 
     </span>
    </p>
   </div>
   <div class='ocr_carea' id='block_1_17' title="bbox 279 5606 1055 5759">
    <p class='ocr_par' dir='ltr' id='par_1_17' title="bbox 279 5606 1055 5759">
     <span class='ocr_line' id='line_1_46' title="bbox 304 5606 1055 5676; baseline 0.009 -18"><span class='ocrx_word' id='word_1_244' title='bbox 304 5606 353 5673; x_wconf 80' lang='lat' dir='ltr'>st)</span> <span class='ocrx_word' id='word_1_245' title='bbox 371 5607 551 5671; x_wconf 61' lang='lat' dir='ltr'>enervetur]</span> <span class='ocrx_word' id='word_1_246' title='bbox 569 5608 656 5664; x_wconf 75' lang='lat' dir='ltr'>turc</span> <span class='ocrx_word' id='word_1_247' title='bbox 669 5608 764 5676; x_wconf 65' lang='lat' dir='ltr'>tm,</span> <span class='ocrx_word' id='word_1_248' title='bbox 782 5621 808 5665; x_wconf 78' lang='lat' dir='ltr'>u.</span> <span class='ocrx_word' id='word_1_249' title='bbox 820 5619 863 5664; x_wconf 68' lang='grc' dir='ltr'>ιε</span> <span class='ocrx_word' id='word_1_250' title='bbox 887 5611 1055 5664; x_wconf 68' lang='lat' dir='ltr'>meatur</span> 
     </span>
     <span class='ocr_line' id='line_1_47' title="bbox 279 5690 801 5759; baseline -0.006 0"><span class='ocrx_word' id='word_1_251' title='bbox 279 5691 465 5759; x_wconf 65' lang='lat' dir='ltr'>haurn.</span> <span class='ocrx_word' id='word_1_252' title='bbox 486 5693 595 5759; x_wconf 80' lang='lat' dir='ltr'>om.</span> <span class='ocrx_word' id='word_1_253' title='bbox 618 5693 706 5758; x_wconf 86' lang='lat' dir='ltr'>Vor..</span> <span class='ocrx_word' id='word_1_254' title='bbox 726 5690 801 5756; x_wconf 76' lang='lat' dir='ltr'>XX.</span> 
     </span>
    </p>
   </div>
   <div class='ocr_carea' id='block_1_18' title="bbox 1305 1089 2299 1692">
    <p class='ocr_par' dir='ltr' id='par_1_18' title="bbox 1305 1089 1925 1183">
     <span class='ocr_line' id='line_1_48' title="bbox 1305 1089 1925 1183; baseline 0.002 -23"><span class='ocrx_word' id='word_1_255' title='bbox 1305 1089 1440 1160; x_wconf 80' lang='lat' dir='ltr'>Extant</span> <span class='ocrx_word' id='word_1_256' title='bbox 1453 1092 1614 1183; x_wconf 80' lang='lat' dir='ltr'>exempla</span> <span class='ocrx_word' id='word_1_257' title='bbox 1633 1094 1728 1182; x_wconf 93' lang='lat' dir='ltr'>apud</span> <span class='ocrx_word' id='word_1_258' title='bbox 1743 1092 1925 1162; x_wconf 88' lang='lat' dir='ltr'>Plautum.</span> 
     </span>
    </p>

    <p class='ocr_par' dir='ltr' id='par_1_19' title="bbox 1305 1192 2299 1581">
     <span class='ocr_line' id='line_1_49' title="bbox 1408 1192 2298 1286; baseline 0.003 -26"><span class='ocrx_word' id='word_1_259' title='bbox 1408 1192 1555 1262; x_wconf 88' lang='lat' dir='ltr'>Passiva</span> <span class='ocrx_word' id='word_1_260' title='bbox 1578 1206 1614 1262; x_wconf 89' lang='lat' dir='ltr'>et</span> <span class='ocrx_word' id='word_1_261' title='bbox 1637 1194 1852 1285; x_wconf 90' lang='lat' dir='ltr'>deponentia</span> <span class='ocrx_word' id='word_1_262' title='bbox 1870 1207 2083 1265; x_wconf 88' lang='lat' dir='ltr'>mutuantur</span> <span class='ocrx_word' id='word_1_263' title='bbox 2103 1192 2298 1286; x_wconf 86' lang='lat' dir='ltr'>praeterita</span> 
     </span>
     <span class='ocr_line' id='line_1_50' title="bbox 1306 1293 2299 1391; baseline 0.001 -29"><span class='ocrx_word' id='word_1_264' title='bbox 1306 1318 1327 1362; x_wconf 94' lang='lat' dir='ltr'>a</span> <span class='ocrx_word' id='word_1_265' title='bbox 1343 1293 1562 1385; x_wconf 89' lang='lat' dir='ltr'>participiis,</span> <span class='ocrx_word' id='word_1_266' title='bbox 1589 1320 1682 1388; x_wconf 93' lang='lat' dir='ltr'>quae</span> <span class='ocrx_word' id='word_1_267' title='bbox 1697 1298 1788 1367; x_wconf 89' lang='lat' dir='ltr'>fiunt</span> <span class='ocrx_word' id='word_1_268' title='bbox 1805 1322 1848 1367; x_wconf 83' lang='lat' dir='ltr'>ex</span> <span class='ocrx_word' id='word_1_269' title='bbox 1864 1296 2020 1388; x_wconf 90' lang='lat' dir='ltr'>supinis,</span> <span class='ocrx_word' id='word_1_270' title='bbox 2046 1297 2086 1364; x_wconf 92' lang='lat' dir='ltr'>in</span> <span class='ocrx_word' id='word_1_271' title='bbox 2101 1297 2231 1391; x_wconf 90' lang='lat' dir='ltr'>quibus</span> <span class='ocrx_word' id='word_1_272' title='bbox 2246 1307 2299 1365; x_wconf 84' lang='lat' dir='ltr'>est</span> 
     </span>
     <span class='ocr_line' id='line_1_51' title="bbox 1305 1397 2298 1489; baseline 0.003 -23"><span class='ocrx_word' id='word_1_273' title='bbox 1305 1399 1487 1489; x_wconf 88' lang='lat' dir='ltr'>sequenda</span> <span class='ocrx_word' id='word_1_274' title='bbox 1515 1397 1704 1488; x_wconf 81' lang='lat' dir='ltr'>analogia,</span> <span class='ocrx_word' id='word_1_275' title='bbox 1738 1411 1779 1466; x_wconf 92' lang='lat' dir='ltr'>ut</span> <span class='ocrx_word' id='word_1_276' title='bbox 1799 1400 1961 1468; x_wconf 87' lang='lat' dir='ltr'>medicor</span> <span class='ocrx_word' id='word_1_277' title='bbox 1985 1399 2182 1469; x_wconf 89' lang='lat' dir='ltr'>medicatus</span> <span class='ocrx_word' id='word_1_278' title='bbox 2205 1424 2298 1480; x_wconf 91' lang='lat' dir='ltr'>sum,</span> 
     </span>
     <span class='ocr_line' id='line_1_52' title="bbox 1306 1497 1730 1581; baseline 0.009 -15"><span class='ocrx_word' id='word_1_279' title='bbox 1306 1498 1443 1581; x_wconf 90' lang='lat' dir='ltr'>miror,</span> <span class='ocrx_word' id='word_1_280' title='bbox 1470 1497 1622 1568; x_wconf 88' lang='lat' dir='ltr'>miratus</span> <span class='ocrx_word' id='word_1_281' title='bbox 1638 1524 1730 1570; x_wconf 92' lang='lat' dir='ltr'>sum.</span> 
     </span>
    </p>

    <p class='ocr_par' dir='ltr' id='par_1_20' title="bbox 1408 1599 2258 1692">
     <span class='ocr_line' id='line_1_53' title="bbox 1408 1599 2258 1692; baseline 0.005 -24"><span class='ocrx_word' id='word_1_282' title='bbox 1408 1599 1582 1669; x_wconf 88' lang='lat' dir='ltr'>Formula</span> <span class='ocrx_word' id='word_1_283' title='bbox 1601 1601 1818 1692; x_wconf 86' lang='lat' dir='ltr'>coniugaudi</span> <span class='ocrx_word' id='word_1_284' title='bbox 1838 1613 1934 1670; x_wconf 85' lang='lat' dir='ltr'>extat</span> <span class='ocrx_word' id='word_1_285' title='bbox 1949 1602 2047 1691; x_wconf 94' lang='lat' dir='ltr'>apud</span> <span class='ocrx_word' id='word_1_286' title='bbox 2060 1599 2258 1672; x_wconf 88' lang='lat' dir='ltr'>Donatum.</span> 
     </span>
    </p>
   </div>
   <div class='ocr_carea' id='block_1_19' title="bbox 1419 1782 2190 1898">
    <p class='ocr_par' dir='ltr' id='par_1_21' title="bbox 1419 1782 2190 1898">
     <span class='ocr_line' id='line_1_54' title="bbox 1419 1782 2190 1898; baseline 0.009 -33"><span class='ocrx_word' id='word_1_287' title='bbox 1419 1782 1497 1865; x_wconf 86' lang='lat' dir='ltr'>De</span> <span class='ocrx_word' id='word_1_288' title='bbox 1527 1783 1763 1868; x_wconf 82' lang='lat' dir='ltr'>secunda</span> <span class='ocrx_word' id='word_1_289' title='bbox 1796 1786 2190 1898; x_wconf 82' lang='lat' dir='ltr'>coniugatione.</span> 
     </span>
    </p>
   </div>
   <div class='ocr_carea' id='block_1_20' title="bbox 1304 1930 2385 2536">
    <p class='ocr_par' dir='ltr' id='par_1_22' title="bbox 1304 1930 2385 2536">
     <span class='ocr_line' id='line_1_55' title="bbox 1409 1930 2300 2029; baseline 0.009 -29"><span class='ocrx_word' id='word_1_290' title='bbox 1409 1930 1608 2000; x_wconf 90' lang='lat' dir='ltr'>Praeterita</span> <span class='ocrx_word' id='word_1_291' title='bbox 1617 1930 1666 2029; x_wconf 76' lang='lat'>⁹⁸)</span> <span class='ocrx_word' id='word_1_292' title='bbox 1680 1933 1753 2001; x_wconf 89' lang='lat' dir='ltr'>iere</span> <span class='ocrx_word' id='word_1_293' title='bbox 1771 1956 1836 2023; x_wconf 89' lang='lat' dir='ltr'>per</span> <span class='ocrx_word' id='word_1_294' title='bbox 1850 1932 1888 2002; x_wconf 92' lang='lat' dir='ltr'>ui</span> <span class='ocrx_word' id='word_1_295' title='bbox 1913 1935 2001 2004; x_wconf 90' lang='lat' dir='ltr'>duas</span> <span class='ocrx_word' id='word_1_296' title='bbox 2023 1934 2176 2027; x_wconf 90' lang='lat' dir='ltr'>syllabas</span> <span class='ocrx_word' id='word_1_297' title='bbox 2196 1940 2300 2024; x_wconf 85' lang='lat' dir='ltr'>liunt,</span> 
     </span>
     <span class='ocr_line' id='line_1_56' title="bbox 1304 2033 2299 2133; baseline 0.007 -29"><span class='ocrx_word' id='word_1_298' title='bbox 1304 2046 1347 2104; x_wconf 93' lang='lat' dir='ltr'>ut</span> <span class='ocrx_word' id='word_1_299' title='bbox 1375 2035 1487 2108; x_wconf 83' lang='lat' dir='ltr'>doceo</span> <span class='ocrx_word' id='word_1_300' title='bbox 1520 2033 1639 2104; x_wconf 89' lang='lat' dir='ltr'>docui.</span> <span class='ocrx_word' id='word_1_301' title='bbox 1705 2034 1841 2125; x_wconf 91' lang='lat' dir='ltr'>Supina</span> <span class='ocrx_word' id='word_1_302' title='bbox 1873 2037 1964 2106; x_wconf 89' lang='lat' dir='ltr'>fiunt</span> <span class='ocrx_word' id='word_1_303' title='bbox 1993 2038 2205 2128; x_wconf 80' lang='lat' dir='ltr'>regulariter</span> <span class='ocrx_word' id='word_1_304' title='bbox 2232 2066 2299 2133; x_wconf 89' lang='lat' dir='ltr'>per</span> 
     </span>
     <span class='ocr_line' id='line_1_57' title="bbox 1305 2133 2298 2223; baseline 0.012 -20"><span class='ocrx_word' id='word_1_305' title='bbox 1305 2135 1418 2219; x_wconf 89' lang='lat' dir='ltr'>itum,</span> <span class='ocrx_word' id='word_1_306' title='bbox 1455 2135 1759 2205; x_wconf 90' lang='lat' dir='ltr'>aterminatione</span> <span class='ocrx_word' id='word_1_307' title='bbox 1783 2138 1841 2221; x_wconf 91' lang='lat' dir='ltr'>ui,</span> <span class='ocrx_word' id='word_1_308' title='bbox 1884 2150 1925 2206; x_wconf 94' lang='lat' dir='ltr'>ut</span> <span class='ocrx_word' id='word_1_309' title='bbox 1951 2133 2081 2223; x_wconf 90' lang='lat' dir='ltr'>habui,</span> <span class='ocrx_word' id='word_1_310' title='bbox 2121 2137 2298 2216; x_wconf 88' lang='lat' dir='ltr'>habitum.</span> 
     </span>
     <span class='ocr_line' id='line_1_58' title="bbox 1304 2236 2298 2329; baseline 0.01 -23"><span class='ocrx_word' id='word_1_311' title='bbox 1304 2236 1439 2329; x_wconf 84' lang='lat' dir='ltr'>Excipe</span> <span class='ocrx_word' id='word_1_312' title='bbox 1458 2237 1603 2307; x_wconf 89' lang='lat' dir='ltr'>doctum</span> <span class='ocrx_word' id='word_1_313' title='bbox 1620 2262 1641 2306; x_wconf 93' lang='lat' dir='ltr'>a</span> <span class='ocrx_word' id='word_1_314' title='bbox 1658 2239 1785 2320; x_wconf 90' lang='lat' dir='ltr'>docui,</span> <span class='ocrx_word' id='word_1_315' title='bbox 1810 2250 1949 2309; x_wconf 89' lang='lat' dir='ltr'>tentum</span> <span class='ocrx_word' id='word_1_316' title='bbox 1967 2265 1988 2309; x_wconf 94' lang='lat' dir='ltr'>a</span> <span class='ocrx_word' id='word_1_317' title='bbox 2004 2242 2125 2326; x_wconf 90' lang='lat' dir='ltr'>tenui,</span> <span class='ocrx_word' id='word_1_318' title='bbox 2152 2269 2298 2328; x_wconf 84' lang='lat' dir='ltr'>censum</span> 
     </span>
     <span class='ocr_line' id='line_1_59' title="bbox 1306 2338 2298 2439; baseline 0.011 -30"><span class='ocrx_word' id='word_1_319' title='bbox 1306 2363 1326 2409; x_wconf 92' lang='lat' dir='ltr'>a</span> <span class='ocrx_word' id='word_1_320' title='bbox 1343 2338 1483 2422; x_wconf 90' lang='lat' dir='ltr'>censui,</span> <span class='ocrx_word' id='word_1_321' title='bbox 1510 2363 1647 2409; x_wconf 88' lang='lat' dir='ltr'>cassum</span> <span class='ocrx_word' id='word_1_322' title='bbox 1667 2363 1685 2406; x_wconf 93' lang='lat' dir='ltr'>a</span> <span class='ocrx_word' id='word_1_323' title='bbox 1703 2340 1814 2411; x_wconf 91' lang='lat' dir='ltr'>carui.</span> <span class='ocrx_word' id='word_1_324' title='bbox 1868 2340 2000 2411; x_wconf 91' lang='lat' dir='ltr'>Carent</span> <span class='ocrx_word' id='word_1_325' title='bbox 2020 2356 2139 2414; x_wconf 89' lang='lat' dir='ltr'>autem</span> <span class='ocrx_word' id='word_1_326' title='bbox 2161 2348 2298 2439; x_wconf 88' lang='lat' dir='ltr'>supinis</span> 
     </span>
     <span class='ocr_line' id='line_1_60' title="bbox 1305 2440 2385 2536; baseline 0.012 -28"><span class='ocrx_word' id='word_1_327' title='bbox 1305 2454 1433 2512; x_wconf 89' lang='lat' dir='ltr'>neutra</span> <span class='ocrx_word' id='word_1_328' title='bbox 1462 2440 1647 2534; x_wconf 89' lang='lat' dir='ltr'>pleraque.</span> <span class='ocrx_word' id='word_1_329' title='bbox 1713 2441 1809 2525; x_wconf 87' lang='lat' dir='ltr'>Nos,</span> <span class='ocrx_word' id='word_1_330' title='bbox 1849 2455 1889 2513; x_wconf 91' lang='lat' dir='ltr'>ut</span> <span class='ocrx_word' id='word_1_331' title='bbox 1911 2445 2135 2536; x_wconf 80' lang='lat' dir='ltr'>exceptiones</span> <span class='ocrx_word' id='word_1_332' title='bbox 2158 2449 2299 2521; x_wconf 84' lang='lat' dir='ltr'>facilius</span> <span class='ocrx_word' id='word_1_333' title='bbox 2343 2511 2345 2515; x_wconf 90' lang='lat'>.</span> <span class='ocrx_word' id='word_1_334' title='bbox 2383 2516 2385 2520; x_wconf 89' lang='lat'>.</span> 
     </span>
    </p>
   </div>
   <div class='ocr_carea' id='block_1_21' title="bbox 1260 2542 2300 2737">
    <p class='ocr_par' dir='ltr' id='par_1_23' title="bbox 1260 2542 2300 2737">
     <span class='ocr_line' id='line_1_61' title="bbox 1260 2542 2300 2634; baseline 0.013 -25"><span class='ocrx_word' id='word_1_335' title='bbox 1260 2569 1263 2580; x_wconf 55' lang='lat'>¹</span> <span class='ocrx_word' id='word_1_336' title='bbox 1306 2542 1431 2612; x_wconf 89' lang='lat' dir='ltr'>venari</span> <span class='ocrx_word' id='word_1_337' title='bbox 1453 2542 1591 2632; x_wconf 89' lang='lat' dir='ltr'>possint</span> <span class='ocrx_word' id='word_1_338' title='bbox 1614 2542 1739 2634; x_wconf 92' lang='lat' dir='ltr'>pueri,</span> <span class='ocrx_word' id='word_1_339' title='bbox 1775 2568 1841 2634; x_wconf 87' lang='lat' dir='ltr'>per</span> <span class='ocrx_word' id='word_1_340' title='bbox 1873 2569 1997 2615; x_wconf 91' lang='lat' dir='ltr'>omnes</span> <span class='ocrx_word' id='word_1_341' title='bbox 2026 2549 2300 2623; x_wconf 86' lang='lat' dir='ltr'>terminationes</span> 
     </span>
     <span class='ocr_line' id='line_1_62' title="bbox 1266 2633 1529 2737; baseline 0.015 -26"><span class='ocrx_word' id='word_1_342' title='bbox 1266 2633 1271 2644; x_wconf 64' lang='grc'><em>’</em></span> <span class='ocrx_word' id='word_1_343' title='bbox 1306 2645 1529 2737; x_wconf 81' lang='lat' dir='ltr'>vagabimur.</span> 
     </span>
    </p>
   </div>
   <div class='ocr_carea' id='block_1_22' title="bbox 1745 2778 1856 2851">
    <p class='ocr_par' dir='ltr' id='par_1_24' title="bbox 1745 2778 1856 2851">
     <span class='ocr_line' id='line_1_63' title="bbox 1745 2778 1856 2851; baseline 0.036 -4"><span class='ocrx_word' id='word_1_344' title='bbox 1745 2778 1856 2851; x_wconf 91' lang='grc' dir='ltr'><strong>ΒΕΟ.</strong></span> 
     </span>
    </p>
   </div>
   <div class='ocr_carea' id='block_1_23' title="bbox 1306 2895 2299 3502">
    <p class='ocr_par' dir='ltr' id='par_1_25' title="bbox 1459 2895 2011 2972">
     <span class='ocr_line' id='line_1_64' title="bbox 1459 2895 2011 2972; baseline 0.011 -6"><span class='ocrx_word' id='word_1_345' title='bbox 1459 2895 1569 2967; x_wconf 92' lang='lat' dir='ltr'>Iubeo</span> <span class='ocrx_word' id='word_1_346' title='bbox 1673 2896 1760 2968; x_wconf 90' lang='lat' dir='ltr'>iussi</span> <span class='ocrx_word' id='word_1_347' title='bbox 1864 2900 2011 2972; x_wconf 91' lang='lat' dir='ltr'>iussum.</span> 
     </span>
    </p>

    <p class='ocr_par' dir='ltr' id='par_1_26' title="bbox 1306 2998 2299 3196">
     <span class='ocr_line' id='line_1_65' title="bbox 1459 2998 2299 3093; baseline 0.005 -21"><span class='ocrx_word' id='word_1_348' title='bbox 1459 2998 1555 3072; x_wconf 89' lang='lat' dir='ltr'>Nam</span> <span class='ocrx_word' id='word_1_349' title='bbox 1577 3000 1616 3069; x_wconf 91' lang='lat' dir='ltr'>in</span> <span class='ocrx_word' id='word_1_350' title='bbox 1643 2999 1674 3071; x_wconf 92' lang='lat' dir='ltr'>si</span> <span class='ocrx_word' id='word_1_351' title='bbox 1703 3001 1919 3093; x_wconf 89' lang='lat' dir='ltr'>praeterita,</span> <span class='ocrx_word' id='word_1_352' title='bbox 1960 3028 2039 3074; x_wconf 91' lang='lat' dir='ltr'>sum</span> <span class='ocrx_word' id='word_1_353' title='bbox 2064 3006 2139 3075; x_wconf 85' lang='lat' dir='ltr'>fere</span> <span class='ocrx_word' id='word_1_354' title='bbox 2162 3006 2299 3076; x_wconf 85' lang='lat' dir='ltr'>iaciunt</span> 
     </span>
     <span class='ocr_line' id='line_1_66' title="bbox 1306 3104 1455 3196; baseline -0.027 -20"><span class='ocrx_word' id='word_1_355' title='bbox 1306 3104 1455 3196; x_wconf 90' lang='lat' dir='ltr'>supinis.</span> 
     </span>
    </p>

    <p class='ocr_par' dir='ltr' id='par_1_27' title="bbox 1462 3204 2242 3298">
     <span class='ocr_line' id='line_1_67' title="bbox 1462 3204 2242 3298; baseline 0.003 -23"><span class='ocrx_word' id='word_1_356' title='bbox 1462 3204 1600 3276; x_wconf 91' lang='lat' dir='ltr'>Sorbeo</span> <span class='ocrx_word' id='word_1_357' title='bbox 1705 3204 1830 3274; x_wconf 91' lang='lat' dir='ltr'>sorbui</span> <span class='ocrx_word' id='word_1_358' title='bbox 1846 3205 1903 3274; x_wconf 87' lang='lat' dir='ltr'>vel</span> <span class='ocrx_word' id='word_1_359' title='bbox 1919 3207 2047 3298; x_wconf 88' lang='lat' dir='ltr'>sorpsi.</span> <span class='ocrx_word' id='word_1_360' title='bbox 2099 3206 2242 3278; x_wconf 86' lang='lat' dir='ltr'>Cicero:</span> 
     </span>
    </p>

    <p class='ocr_par' dir='ltr' id='par_1_28' title="bbox 1462 3306 2033 3398">
     <span class='ocr_line' id='line_1_68' title="bbox 1462 3306 2033 3398; baseline 0.007 -22"><span class='ocrx_word' id='word_1_361' title='bbox 1462 3307 1682 3398; x_wconf 79' lang='lat' dir='ltr'>Sanguinem</span> <span class='ocrx_word' id='word_1_362' title='bbox 1698 3306 1839 3376; x_wconf 88' lang='lat' dir='ltr'>civilem</span> <span class='ocrx_word' id='word_1_363' title='bbox 1856 3308 2033 3380; x_wconf 80' lang='lat' dir='ltr'>exorbuit.</span> 
     </span>
    </p>

    <p class='ocr_par' dir='ltr' id='par_1_29' title="bbox 1461 3409 2081 3502">
     <span class='ocr_line' id='line_1_69' title="bbox 1461 3409 2081 3502; baseline 0.005 -24"><span class='ocrx_word' id='word_1_364' title='bbox 1461 3410 1632 3501; x_wconf 90' lang='lat' dir='ltr'>Sorptum</span> <span class='ocrx_word' id='word_1_365' title='bbox 1650 3409 1689 3477; x_wconf 90' lang='lat' dir='ltr'>in</span> <span class='ocrx_word' id='word_1_366' title='bbox 1707 3409 1845 3500; x_wconf 88' lang='lat' dir='ltr'>supinis</span> <span class='ocrx_word' id='word_1_367' title='bbox 1861 3411 2081 3502; x_wconf 89' lang='lat' dir='ltr'>compositis.</span> 
     </span>
    </p>
   </div>
   <div class='ocr_carea' id='block_1_24' title="bbox 1753 3540 1862 3615">
    <p class='ocr_par' dir='ltr' id='par_1_30' title="bbox 1753 3540 1862 3615">
     <span class='ocr_line' id='line_1_70' title="bbox 1753 3540 1862 3615; baseline 0.009 -2"><span class='ocrx_word' id='word_1_368' title='bbox 1753 3540 1862 3615; x_wconf 87' lang='lat' dir='ltr'>CEO.</span> 
     </span>
    </p>
   </div>
   <div class='ocr_carea' id='block_1_25' title="bbox 1308 3661 2302 4063">
    <p class='ocr_par' dir='ltr' id='par_1_31' title="bbox 1463 3661 2176 3759">
     <span class='ocr_line' id='line_1_71' title="bbox 1463 3661 2176 3759; baseline 0.011 -30"><span class='ocrx_word' id='word_1_369' title='bbox 1463 3661 1584 3733; x_wconf 90' lang='lat' dir='ltr'>Luceo</span> <span class='ocrx_word' id='word_1_370' title='bbox 1788 3662 1885 3747; x_wconf 84' lang='lat' dir='ltr'>luxi,</span> <span class='ocrx_word' id='word_1_371' title='bbox 1936 3664 2013 3736; x_wconf 92' lang='lat' dir='ltr'>sine</span> <span class='ocrx_word' id='word_1_372' title='bbox 2034 3665 2176 3759; x_wconf 90' lang='lat' dir='ltr'>supino.</span> 
     </span>
    </p>

    <p class='ocr_par' dir='ltr' id='par_1_32' title="bbox 1462 3764 1936 3857">
     <span class='ocr_line' id='line_1_72' title="bbox 1462 3764 1936 3857; baseline 0.008 -23"><span class='ocrx_word' id='word_1_373' title='bbox 1462 3764 1634 3835; x_wconf 91' lang='lat' dir='ltr'>Polluceo</span> <span class='ocrx_word' id='word_1_374' title='bbox 1786 3766 1936 3857; x_wconf 82' lang='lat' dir='ltr'>polluxi.</span> 
     </span>
    </p>

    <p class='ocr_par' dir='ltr' id='par_1_33' title="bbox 1308 3866 2302 4063">
     <span class='ocr_line' id='line_1_73' title="bbox 1464 3866 2302 3964; baseline 0.006 -28"><span class='ocrx_word' id='word_1_375' title='bbox 1464 3867 1607 3938; x_wconf 88' lang='lat' dir='ltr'>Mulceo</span> <span class='ocrx_word' id='word_1_376' title='bbox 1625 3866 1731 3937; x_wconf 92' lang='lat' dir='ltr'>mulsi</span> <span class='ocrx_word' id='word_1_377' title='bbox 1746 3868 1915 3943; x_wconf 90' lang='lat' dir='ltr'>mulsum.</span> <span class='ocrx_word' id='word_1_378' title='bbox 1963 3869 2098 3942; x_wconf 91' lang='lat' dir='ltr'>Gellius</span> <span class='ocrx_word' id='word_1_379' title='bbox 2113 3871 2302 3964; x_wconf 88' lang='lat' dir='ltr'>permulcti</span> 
     </span>
     <span class='ocr_line' id='line_1_74' title="bbox 1308 3967 1915 4063; baseline 0.003 -22"><span class='ocrx_word' id='word_1_380' title='bbox 1308 3971 1411 4054; x_wconf 88' lang='lat' dir='ltr'>iecit,</span> <span class='ocrx_word' id='word_1_381' title='bbox 1436 3971 1531 4041; x_wconf 92' lang='lat' dir='ltr'>libro</span> <span class='ocrx_word' id='word_1_382' title='bbox 1550 3970 1691 4063; x_wconf 90' lang='lat' dir='ltr'>primo,</span> <span class='ocrx_word' id='word_1_383' title='bbox 1719 3971 1834 4063; x_wconf 89' lang='lat' dir='ltr'>capite</span> <span class='ocrx_word' id='word_1_384' title='bbox 1854 3967 1915 4043; x_wconf 84' lang='lat'>15.</span> 
     </span>
    </p>
   </div>
   <div class='ocr_carea' id='block_1_26' title="bbox 1465 4117 2027 4843">
    <p class='ocr_par' dir='ltr' id='par_1_34' title="bbox 1465 4117 2027 4843">
     <span class='ocr_line' id='line_1_75' title="bbox 1746 4117 1858 4191; baseline 0.036 -4"><span class='ocrx_word' id='word_1_385' title='bbox 1746 4117 1858 4191; x_wconf 89' lang='lat' dir='ltr'>DEO.</span> 
     </span>
     <span class='ocr_line' id='line_1_76' title="bbox 1467 4238 1983 4331; baseline -0.002 -20"><span class='ocrx_word' id='word_1_386' title='bbox 1467 4241 1588 4325; x_wconf 81' lang='lat' dir='ltr'>Ardeo</span> <span class='ocrx_word' id='word_1_387' title='bbox 1614 4238 1706 4322; x_wconf 90' lang='lat' dir='ltr'>arsi,</span> <span class='ocrx_word' id='word_1_388' title='bbox 1739 4238 1817 4318; x_wconf 82' lang='lat' dir='ltr'>siue</span> <span class='ocrx_word' id='word_1_389' title='bbox 1846 4239 1983 4331; x_wconf 90' lang='lat' dir='ltr'>supinis</span> 
     </span>
     <span class='ocr_line' id='line_1_77' title="bbox 1465 4340 1815 4412; baseline -0.003 -2"><span class='ocrx_word' id='word_1_390' title='bbox 1465 4342 1583 4411; x_wconf 86' lang='lat' dir='ltr'>Rideo</span> <span class='ocrx_word' id='word_1_391' title='bbox 1611 4342 1675 4411; x_wconf 86' lang='lat' dir='ltr'>risi</span> <span class='ocrx_word' id='word_1_392' title='bbox 1701 4340 1815 4412; x_wconf 87' lang='lat' dir='ltr'>risum</span> 
     </span>
     <span class='ocr_line' id='line_1_78' title="bbox 1466 4443 1900 4515; baseline -0.005 -1"><span class='ocrx_word' id='word_1_393' title='bbox 1466 4443 1607 4515; x_wconf 89' lang='lat' dir='ltr'>Suadeo</span> <span class='ocrx_word' id='word_1_394' title='bbox 1634 4443 1730 4515; x_wconf 91' lang='lat' dir='ltr'>suasi</span> <span class='ocrx_word' id='word_1_395' title='bbox 1755 4468 1900 4514; x_wconf 90' lang='lat' dir='ltr'>suasum</span> 
     </span>
     <span class='ocr_line' id='line_1_79' title="bbox 1467 4545 1827 4617; baseline -0.006 -2"><span class='ocrx_word' id='word_1_396' title='bbox 1467 4545 1583 4616; x_wconf 85' lang='lat' dir='ltr'>Video</span> <span class='ocrx_word' id='word_1_397' title='bbox 1610 4547 1684 4615; x_wconf 88' lang='lat' dir='ltr'>vidi</span> <span class='ocrx_word' id='word_1_398' title='bbox 1710 4546 1827 4617; x_wconf 87' lang='lat' dir='ltr'>visum</span> 
     </span>
     <span class='ocr_line' id='line_1_80' title="bbox 1465 4649 1846 4720; baseline 0 -1"><span class='ocrx_word' id='word_1_399' title='bbox 1465 4649 1581 4719; x_wconf 89' lang='lat' dir='ltr'>Sedeo</span> <span class='ocrx_word' id='word_1_400' title='bbox 1607 4649 1684 4720; x_wconf 91' lang='lat' dir='ltr'>sedi</span> <span class='ocrx_word' id='word_1_401' title='bbox 1710 4673 1846 4719; x_wconf 90' lang='lat' dir='ltr'>sessum</span> 
     </span>
     <span class='ocr_line' id='line_1_81' title="bbox 1468 4749 2027 4843; baseline -0.005 -21"><span class='ocrx_word' id='word_1_402' title='bbox 1468 4752 1610 4822; x_wconf 91' lang='lat' dir='ltr'>Strideo</span> <span class='ocrx_word' id='word_1_403' title='bbox 1637 4752 1760 4836; x_wconf 90' lang='lat' dir='ltr'>stridi,</span> <span class='ocrx_word' id='word_1_404' title='bbox 1793 4751 1871 4822; x_wconf 91' lang='lat' dir='ltr'>siue</span> <span class='ocrx_word' id='word_1_405' title='bbox 1897 4749 2027 4843; x_wconf 90' lang='lat' dir='ltr'>supino</span> 
     </span>
    </p>
   </div>
   <div class='ocr_carea' id='block_1_27' title="bbox 1338 4925 1522 4937">
    <p class='ocr_par' dir='ltr' id='par_1_35' title="bbox 1338 4925 1522 4937">
     <span class='ocr_line' id='line_1_82' title="bbox 1338 4925 1522 4937; baseline 0.011 -3"><span class='ocrx_word' id='word_1_406' title='bbox 1338 4925 1522 4937; x_wconf 59' lang='lat' dir='ltr'><strong>u-.-··—-—</strong></span> 
     </span>
    </p>
   </div>
   <div class='ocr_carea' id='block_1_28' title="bbox 1348 5011 2305 5152">
    <p class='ocr_par' dir='ltr' id='par_1_36' title="bbox 1348 5011 2305 5152">
     <span class='ocr_line' id='line_1_83' title="bbox 1348 5011 2305 5137; baseline -0.005 -68"><span class='ocrx_word' id='word_1_407' title='bbox 1348 5017 1397 5085; x_wconf 68' lang='lat'>02)</span> <span class='ocrx_word' id='word_1_408' title='bbox 1415 5016 1525 5137; x_wconf 49' lang='lat' dir='ltr'>aridam</span> <span class='ocrx_word' id='word_1_409' title='bbox 1541 5041 1576 5052; x_wconf 97' lang='lat'>-</span> <span class='ocrx_word' id='word_1_410' title='bbox 1594 5011 1668 5080; x_wconf 75' lang='lat' dir='ltr'>sun]</span> <span class='ocrx_word' id='word_1_411' title='bbox 1688 5014 1738 5065; x_wconf 79' lang='lat' dir='ltr'>Ed.</span> <span class='ocrx_word' id='word_1_412' title='bbox 1756 5026 1778 5066; x_wconf 72' lang='lat' dir='ltr'>a</span> <span class='ocrx_word' id='word_1_413' title='bbox 1798 5025 1841 5067; x_wconf 65' lang='lat' dir='ltr'>a:</span> <span class='ocrx_word' id='word_1_414' title='bbox 1871 5012 1981 5079; x_wconf 78' lang='lat' dir='ltr'>quidam</span> <span class='ocrx_word' id='word_1_415' title='bbox 2004 5015 2033 5064; x_wconf 89' lang='lat' dir='ltr'>et</span> <span class='ocrx_word' id='word_1_416' title='bbox 2056 5014 2140 5078; x_wconf 80' lang='lat' dir='ltr'>potua</span> <span class='ocrx_word' id='word_1_417' title='bbox 2167 5023 2230 5064; x_wconf 76' lang='lat' dir='ltr'>sun</span> <span class='ocrx_word' id='word_1_418' title='bbox 2253 5021 2305 5075; x_wconf 71' lang='lat' dir='ltr'>pro</span> 
     </span>
     <span class='ocr_line' id='line_1_84' title="bbox 1381 5098 2259 5152; baseline -0.008 0"><span class='ocrx_word' id='word_1_419' title='bbox 1381 5098 1417 5152; x_wconf 74' lang='lat' dir='ltr'>lt⁰</span> <span class='ocrx_word' id='word_1_420' title='bbox 1450 5101 1466 5136; x_wconf 70' lang='lat' dir='ltr'>V</span> <span class='ocrx_word' id='word_1_421' title='bbox 2250 5101 2259 5118; x_wconf 78' lang='lat'><strong>¹</strong></span> 
     </span>
    </p>
   </div>
   <div class='ocr_carea' id='block_1_29' title="bbox 1347 5167 2306 5511">
    <p class='ocr_par' dir='ltr' id='par_1_37' title="bbox 1347 5167 2306 5511">
     <span class='ocr_line' id='line_1_85' title="bbox 1347 5167 2306 5290; baseline -0.008 -65"><span class='ocrx_word' id='word_1_422' title='bbox 1347 5171 1397 5240; x_wconf 73' lang='lat'>98)</span> <span class='ocrx_word' id='word_1_423' title='bbox 1415 5172 1558 5290; x_wconf 54' lang='lat' dir='ltr'>punientia</span> <span class='ocrx_word' id='word_1_424' title='bbox 1575 5173 1636 5290; x_wconf 68' lang='lat' dir='ltr'>opt,</span> <span class='ocrx_word' id='word_1_425' title='bbox 1654 5167 1911 5290; x_wconf 48' lang='grc' dir='ltr'>ξὲὴῗιᾶῗῑίνυῗ]</span> <span class='ocrx_word' id='word_1_426' title='bbox 1925 5168 2124 5289; x_wconf 41' lang='lat' dir='ltr'>didmttlloeq</span> <span class='ocrx_word' id='word_1_427' title='bbox 2141 5181 2165 5266; x_wconf 66' lang='lat' dir='ltr'>a.</span> <span class='ocrx_word' id='word_1_428' title='bbox 2177 5177 2220 5218; x_wconf 71' lang='grc' dir='ltr'>ιε</span> <span class='ocrx_word' id='word_1_429' title='bbox 2238 5177 2306 5231; x_wconf 77' lang='lat' dir='ltr'>pu·</span> 
     </span>
     <span class='ocr_line' id='line_1_86' title="bbox 1383 5235 2160 5372; baseline -0.01 -8"><span class='ocrx_word' id='word_1_430' title='bbox 1383 5242 1553 5364; x_wconf 42' lang='lat' dir='ltr'>&#39;&#39;ydaciiit’</span> <span class='ocrx_word' id='word_1_431' title='bbox 1566 5251 1670 5372; x_wconf 62' lang='lat' dir='ltr'>inpii,</span> <span class='ocrx_word' id='word_1_432' title='bbox 1689 5252 1753 5357; x_wconf 73' lang='lat' dir='ltr'>viad</span> <span class='ocrx_word' id='word_1_433' title='bbox 1770 5235 2001 5371; x_wconf 48' lang='lat' dir='ltr'>adtandblfldlgnti</span> <span class='ocrx_word' id='word_1_434' title='bbox 2019 5239 2160 5357; x_wconf 47' lang='lat'><strong>”¹⁸31-</strong></span> 
     </span>
     <span class='ocr_line' id='line_1_87' title="bbox 1453 5378 2134 5442; baseline -0.007 -11"><span class='ocrx_word' id='word_1_435' title='bbox 1453 5381 1573 5442; x_wconf 76' lang='lat' dir='ltr'>Pompa,</span> <span class='ocrx_word' id='word_1_436' title='bbox 1598 5390 1693 5428; x_wconf 80' lang='lat' dir='ltr'>renen</span> <span class='ocrx_word' id='word_1_437' title='bbox 1714 5378 1808 5439; x_wconf 83' lang='lat' dir='ltr'>potum</span> <span class='ocrx_word' id='word_1_438' title='bbox 1825 5378 1891 5440; x_wconf 79' lang='lat' dir='ltr'>pota</span> <span class='ocrx_word' id='word_1_439' title='bbox 1907 5378 2036 5428; x_wconf 74' lang='lat' dir='ltr'>trahebat</span> <span class='ocrx_word' id='word_1_440' title='bbox 2053 5387 2134 5428; x_wconf 73' lang='lat' dir='ltr'>anm.</span> 
     </span>
     <span class='ocr_line' id='line_1_88' title="bbox 1453 5446 1740 5511; baseline -0.01 -13"><span class='ocrx_word' id='word_1_441' title='bbox 1453 5448 1523 5498; x_wconf 79' lang='lat' dir='ltr'>Poto</span> <span class='ocrx_word' id='word_1_442' title='bbox 1541 5446 1662 5497; x_wconf 70' lang='lat' dir='ltr'>activum</span> <span class='ocrx_word' id='word_1_443' title='bbox 1680 5447 1740 5511; x_wconf 82' lang='lat' dir='ltr'>ost,</span> 
     </span>
    </p>
   </div>
   <div class='ocr_carea' id='block_1_30' title="bbox 1347 5515 2307 5667">
    <p class='ocr_par' dir='ltr' id='par_1_38' title="bbox 1347 5515 2307 5667">
     <span class='ocr_line' id='line_1_89' title="bbox 1347 5515 2307 5654; baseline -0.006 -68"><span class='ocrx_word' id='word_1_444' title='bbox 1347 5532 1587 5654; x_wconf 51' lang='lat' dir='ltr'>“lffl‘fgm</span> <span class='ocrx_word' id='word_1_445' title='bbox 1604 5533 1687 5585; x_wconf 73' lang='lat' dir='ltr'>rute</span> <span class='ocrx_word' id='word_1_446' title='bbox 1701 5532 1795 5597; x_wconf 77' lang='lat' dir='ltr'>rasa,</span> <span class='ocrx_word' id='word_1_447' title='bbox 1819 5544 1844 5585; x_wconf 80' lang='grc' dir='ltr'>ι.</span> <span class='ocrx_word' id='word_1_448' title='bbox 1856 5542 1899 5587; x_wconf 68' lang='lat' dir='ltr'>c:</span> <span class='ocrx_word' id='word_1_449' title='bbox 1925 5531 1958 5583; x_wconf 83' lang='lat' dir='ltr'>u</span> <span class='ocrx_word' id='word_1_450' title='bbox 1975 5529 2097 5583; x_wconf 69' lang='lat' dir='ltr'>semna·</span> <span class='ocrx_word' id='word_1_451' title='bbox 2112 5515 2307 5593; x_wconf 55' lang='lat' dir='ltr'>wunsam·</span> 
     </span>
     <span class='ocr_line' id='line_1_90' title="bbox 1384 5614 1498 5667; baseline -0.009 -13"><span class='ocrx_word' id='word_1_452' title='bbox 1384 5617 1401 5667; x_wconf 65' lang='lat' dir='ltr'>p</span> <span class='ocrx_word' id='word_1_453' title='bbox 1482 5614 1498 5653; x_wconf 85' lang='grc'>1·</span> 
     </span>
    </p>
   </div>
   <div class='ocr_carea' id='block_1_31' title="bbox 0 0 2577 6516">
    <p class='ocr_par' dir='ltr' id='par_1_39' title="bbox 0 0 2577 6516">
     <span class='ocr_line' id='line_1_91' title="bbox 0 0 2577 6516; baseline 0 0"><span class='ocrx_word' id='word_1_454' title='bbox 0 0 2577 6516; x_wconf 95' lang='lat' dir='ltr'> </span> 
     </span>
    </p>
   </div>
  </div>
 </body>
</html>
