5125 6525
137 357 220 444 ew
339 305 389 326 '¹
545 319 1672 434 wrtsfflt’blctrlomdottuufflhfflstttutss.
2104 349 2183 436 aso

138 528 285 610 alesiam
303 530 482 621 quadrat,¹
496 549 591 620 quae
608 537 660 595 est
677 537 794 598 mater
806 524 960 607 consilii,
986 548 1067 598 cum
1085 537 1138 595 est
1188 524 1303 608 riam,
1328 523 1550 609 Galilaeam,
1576 549 1656 598 cum
1681 537 1803 599 tamen
1818 521 2012 594 Philistiim
2035 547 2112 592 nou
2129 536 2180 593 te-

137 644 312 715 mdus-et
323 629 558 722 propagatrix
572 627 757 702 doctrinae
772 651 794 696 a
808 625 888 700 Deo
901 626 1069 701 traditae.
1187 626 1335 697 nuerint
1356 628 1565 697 universum
1586 628 1677 699 illud
1694 628 1863 719 spatium.
1916 626 1985 696 Sed
2002 649 2107 716 saepe
2124 648 2179 695 re-

244 733 477 820 stitutum,
498 731 659 820 regionis
680 754 814 800 nomen
838 742 909 812 est,
934 755 955 802 a
973 728 1135 811 canaan,
1186 728 1354 819 gionibus
1369 728 1517 800 nomina
1536 728 1745 800 tribuuntur
1760 754 1780 797 a
1798 743 1899 821 parte
1917 728 2060 823 aliqua,
2086 751 2178 821 quae

141 837 216 912 filio
241 831 367 914 Cham.
427 833 610 923 Significat
632 846 753 904 autem
783 831 931 904 Cauaan
955 845 1134 906 mercato-
1186 831 1313 900 vicinis
1348 832 1528 902 antecellit
1558 831 1732 923 potentia.
1791 832 2036 903 Grammatica
2067 830 2178 899 inter-

136 964 263 1014 rem,¹
284 935 337 1007 Ac
359 937 550 1030 posteritas
572 934 720 1006 Canaan
748 935 787 1006 in
812 936 933 1015 littore
958 946 1134 1010 mercatu·
1185 933 1340 1023 pretatio
1359 935 1519 1004 nominis
1538 930 1732 1006 Pbilistiim
1758 934 1890 1006 dicitur
1912 959 1986 1005 esse
2010 956 2179 1024 consper·
2228 941 2237 974 '

142 1065 220 1109 ram
237 1040 405 1109 exercuit.
439 1038 531 1108 Nam
549 1037 674 1121 Sidon,
688 1037 780 1107 filius
797 1037 957 1118 Canaau,
973 1036 1134 1108 condidit
1185 1059 1301 1118 sores,
1324 1060 1388 1106 seu
1404 1037 1692 1130 conspersiones,
1718 1049 1759 1107 ut
1777 1037 2023 1129 cum'pulvere
2041 1034 2175 1128 aliquid

141 1145 268 1213 urbem
288 1143 472 1228 Sidonem.
524 1140 575 1214 Ac
595 1146 632 1208 in
654 1140 767 1230 capite
782 1141 841 1210 10.
855 1140 1003 1210 Genesis
1018 1138 1133 1208 Cana·
1166 1139 1454 1228 conspergitur,
1494 1164 1556 1209 seu
1589 1139 1859 1224 concussiones,
1898 1138 2059 1208 fortassis
2092 1137 2176 1229 quia

142 1269 232 1313 naea
257 1245 356 1334 regio
380 1244 429 1313 sic
453 1242 682 1324 describitur,
713 1255 754 1311 ut
780 1244 1038 1335 complectatur
1053 1241 1132 1311 uni·
1184 1234 1274 1308 haec
1303 1263 1388 1330 gens
1419 1240 1457 1308 in
1487 1241 1607 1311 littore
1640 1239 1834 1325 habitavit,
1862 1243 1927 1312 ubi
1955 1239 2069 1309 crebri
2094 1250 2178 1308 sunt

142 1372 286 1445 versum
306 1346 480 1439 spatium,
514 1347 610 1438 quod
634 1357 756 1436 postea
779 1358 973 1415 tenuerunt
994 1342 1133 1416 Israeli·
1185 1354 1302 1410 terrae
1331 1355 1471 1427 motus,
1502 1356 1639 1412 et'tota
1667 1345 1799 1437 oppida
1824 1347 2008 1424 arenislac
2031 1343 2177 1434 pulvere

143 1461 221 1533 tae,
254 1448 469 1540 indeusque
495 1470 515 1514 a
538 1444 691 1515 lordane
717 1449 762 1515 ad
787 1472 905 1529 mare,
941 1458 976 1514 et
999 1450 1043 1515 ad
1064 1448 1132 1514 Ae·
1185 1445 1411 1526 obruuntur,
1443 1446 1535 1514 sicut
1550 1447 1705 1515 Ascalon
1730 1460 1760 1515 et
1784 1444 1917 1517 Azotus
1944 1447 1989 1515 ab
2014 1444 2088 1536 igni
2111 1467 2177 1510 no·

143 1563 305 1643 gyptum.
356 1547 409 1618 lbi
434 1551 595 1619 nondum
621 1550 873 1619 discernuntur
895 1544 1086 1619 Philistiim
1112 1573 1130 1615 a
1186 1546 1281 1614 mina
1306 1542 1451 1616 babent.

144 1653 304 1770 ⁰³⁰²f³¹ffj
366 1652 457 1769 Nan}
485 1665 521 1720 ⁰¹
537 1653 724 1768 ‚viimam
748 1664 799 1720 ⁰⁵¹
822 1650 989 1734 canaam
1024 1675 1131 1744 ΨΜ
1287 1678 1524 1764 lulttlsmm,
1550 1681 1650 1751 Visio
1668 1683 1778 1773 pacis,
1803 1684 1986 1775 complexa
2003 1685 2071 1754 fuit
2086 1688 2177 1757 duos

141 1751 356 1834 Phihstnm,
388 1780 449 1846 qur
476 1768 546 1822 ort1
577 1765 660 1823 sunt
681 1777 755 1822 non
782 1779 801 1821 a
826 1752 993 1835 Canaan,
1027 1754 1130 1823 seda
1452 1756 1460 1776 ⁸

186 1858 195 1873 .
261 1856 270 1872 .
728 1856 736 1872 ,
961 1856 969 1871 ,
1106 1854 1114 1870 ‚
1186 1796 1345 1864 montes,
1378 1807 1533 1876 quorum
1568 1784 1714 1854 alterius
1746 1810 1879 1854 nomen
1903 1786 1970 1855 luit
1994 1787 2105 1869 Zion,
2139 1789 2177 1857 in

142 1857 321 1974 M'fffflssl·
380 1856 508 1972 pqilffl
536 1869 810 1973 cumffflvssset
832 1868 993 1974 P⁰l⁰J¹l¹³
1019 1867 1133 1960 8⁸an
1186 1909 1258 1979 quo
1282 1886 1427 1955 condita
1451 1886 1520 1954 fuit
1547 1911 1610 1955 arx
1632 1886 1793 1959 Davidis.
1853 1889 2034 1979 Significat
2057 1902 2176 1960 autem

142 1954 375 2076 Ph¹¹¹sff¹¹¹¹¹2
396 1953 451 2074 ¹³¹,
473 1958 749 2075 ³PP⁰¹¹Q¹¹⁰¹¹⁰¹⁰
784 1983 925 2048 “imm
958 1960 1133 2075 dedesuql
1186 1988 1277 2057 Zion
1301 1986 1691 2080 speculamhlterius
1707 1991 1840 2061 montis
1859 2015 1992 2060 nomen
2010 2004 2061 2062 est
2077 1992 2178 2062 Mor-

125 2085 343 2157 praecipue.
365 2083 403 2127 m
427 2060 566 2143 lrttore,
602 2062 692 2128 mfra
718 2061 856 2156 Tyrum
882 2085 1004 2131 versus
1027 2085 1132 2132 men-
1184 2088 1241 2173 13,
1276 2091 1314 2160 in
1341 2117 1414 2185 quo
1440 2092 1613 2184 templum
1641 2117 1659 2159 a
1687 2091 1881 2162 salomone
1905 2094 2088 2164 conditum
2114 2108 2177 2166 esp·

143 2163 251 2280 diem.
275 2160 358 2281 „El
373 2163 619 2280 ,¹¹⁰¹J‘in‘ffllu‘
644 2161 803 2260 ‘duim‘
827 2164 1005 2255 Principes
1027 2164 1133 2232 urbm
1185 2192 1277 2263 Nam
1308 2208 1344 2262 et
1371 2217 1506 2263 nomen
1530 2195 1665 2263 indicat
1691 2194 1817 2265 Patres
1841 2196 2008 2275 anteatiu
2031 2221 2075 2268 eo
2095 2198 2180 2265 loco

142 2260 349 2346 Philistum,
369 2289 408 2332 rn
424 2266 518 2334 libro
534 2262 661 2335 Iosuae
679 2267 794 2357 capite
807 2267 879 2347 13,
900 2270 1047 2348 Azotos,
1065 2265 1133 2333 Ac·
1186 2296 1413 2366 sacrificasse·
1464 2296 1512 2364 Et
1537 2297 1574 2363 in
1599 2293 1695 2365 hunc
1719 2299 1836 2389 ipsum
1853 2312 2012 2369 montem
2029 2299 2179 2369 adduxit
2260 2365 2264 2379 Ι

263 2469 272 2485 .
373 2468 381 2483 .
629 2469 638 2483 ,
816 2470 824 2484 ,
1523 2422 1627 2467 suum
1643 2396 1760 2481 Isaac,
1785 2413 1826 2469 ut
1841 2400 1892 2468 ibi
1908 2401 2177 2470 sacrificaretur.

145 2494 294 2551 ”anama
321 2493 404 2562 ‘lu'a
420 2468 497 2537 ¹⁰⁰²
513 2493 661 2560 l’f0Pfla
679 2467 824 2537 l⁰fd³¹¹¹
845 2470 1034 2551 ¹⁹⁰⁰b³⁰l⁹
1060 2471 1134 2537 fere
1179 2499 1382 2570 ,Habitabat
1398 2513 1517 2568 autem
1535 2495 1719 2568 Abraham
1738 2512 1822 2569 tunc
1838 2501 1876 2569 in
1892 2503 1979 2571 urbe
1994 2504 2090 2594 regia
2108 2503 2178 2572 Ge-

143 2563 305 2689 fPP‘lilffl
327 2571 434 2687 dfflell
457 2570 547 2653 Μ’
573 2572 1062 2688 ΠΟΨῨΠᾸΙΠΟἾΠΕ,Ρ““ῙΨῙ“
1081 2571 1135 2638 5¹¹·
1187 2602 1298 2684 raris,
1332 2626 1425 2696 quae
1449 2603 1604 2672 distabat
1626 2603 1766 2672 duobus
1782 2603 2006 2674 Germanicis
2031 2604 2179 2673 miliari·
2258 2664 2265 2674 ,

145 2686 254 2742 ‘⁸⁰¹¹‘
298 2669 376 2741 Εἶθ’
393 2685 512 2741 autem
529 2669 791 2754 ‘tphssssmffl’
818 2674 1134 2765 qu¹¹⁰¹¹ss¹⁰⁵Pr⁰'
1187 2706 1253 2773 bus
1270 2715 1333 2772 aut
1347 2705 1487 2773 circiter
1503 2707 1548 2773 ab
1563 2704 1729 2788 Hebron,
1757 2705 1906 2775 Hebron
1919 2731 2006 2775 vero
2021 2708 2181 2779 distabat

146 2775 307 2892 lulefunt
332 2776 419 2891 5qu
442 2775 480 2842 5¹¹
502 2800 580 2843 ‘³¹¹¹
595 2775 799 2894 “lilfflfmg
826 2799 917 2893 (1113]Ξ
931 2788 1054 2868 P⁰⁸tea
1068 2775 1137 2844 fuit
1188 2806 1348 2900 quinque
1364 2807 1564 2878 miliaribus
1581 2808 1805 2879 Germanicis
1820 2833 1838 2876 a
1857 2806 2089 2903 lerosolyma.

146 2877 317 2945 attributa
333 2878 497 2946 tribubus
513 2875 611 2969 luda,
633 2878 839 2962 Beniamin,
866 2878 1033 2961 Simeon,
1057 2878 1135 2946 Ma-

144 3002 269 3072 nasse,
301 2976 479 3062 lsaschar,
513 2982 605 3071 pulsi
637 2994 720 3050 suut
749 2994 785 3049 et
807 3005 937 3071 magna
968 3006 1010 3052 ex
1034 2994 1135 3073 parte

145 3081 273 3166 deleti,
309 3083 490 3150 tamenin
515 3082 652 3164 littore,
689 3095 730 3152 ut
753 3084 845 3166 dixi,
879 3085 971 3152 infra
996 3083 1133 3178 Tyrum

144 3185 251 3255 urbes
279 3184 436 3255 munitas
466 3196 501 3252 et
529 3209 676 3277 magnas
701 3186 945 3270 retinuerunt,
984 3211 1025 3255 ac
1048 3188 1136 3260 alias

147 3288 288 3379 magis,
305 3287 392 3358 alias
409 3288 528 3357 minus
542 3290 613 3358 late
630 3289 808 3358 dominati
819 3304 913 3361 sunt.
953 3289 1136 3381 Tempore

145 3385 327 3459 Abraham
357 3393 458 3461 sedes
486 3392 579 3482 regis
599 3388 806 3460 Abimelech
829 3391 896 3460 suit
918 3391 956 3458 in
979 3393 1137 3472 Geraris,

146 2391 276 2449 caron,
301 2364 474 2448 Ascalon,
501 2363 614 2451 Geth,
647 2369 758 2438 Gaza.
817 2368 908 2437 Cum
935 2368 1043 2456 igitur
1068 2367 1134 2435 Ca·
1186 2394 1501 2466 Abrahamfflium

1289 2940 1473 3013 Abrabam
1489 2943 1600 3035 igitur
1615 2969 1680 3013 nec
1696 2945 1897 3015 tardissime
1911 2947 1995 3015 fecit
2009 2948 2090 3031 iter,
2115 2972 2180 3018 nec

1186 3069 1386 3137 properare
1410 3048 1547 3137 potuit,
1574 3070 1653 3116 cum
1675 3061 1710 3116 et
1726 3048 1866 3139 magnis
1881 3049 2067 3120 doloribus
2082 3074 2179 3119 exer-

1188 3161 1349 3231 ceretur,
1382 3161 1417 3217 et
1437 3174 1543 3241 saepe
1564 3144 1666 3218 humi
1691 3163 1823 3220 stratus
1847 3151 1982 3219 diceret
2003 3152 2180 3242 precatio·

1188 3275 1271 3332 nes,
1298 3265 1334 3319 et
1357 3254 1523 3320 secedens
1546 3276 1564 3317 a
1591 3252 1781 3322 comitibus
1803 3253 1970 3321 funderet
1990 3253 2179 3347 lacrymas,

1189 3365 1225 3421 et
1248 3355 1421 3443 cogitaret
1443 3353 1718 3443 significationes
1740 3352 1846 3424 huius
1869 3355 1983 3423 divini
2006 3358 2208 3429 mandati..

147 3493 208 3586 qui
223 3494 261 3560 in
278 3492 392 3583 capite
410 3493 470 3562 26.
486 3492 633 3562 Genesis
649 3493 859 3561 nominatur
874 3492 951 3561 Rex
968 3492 1137 3562 Palaesti-
1188 3455 1246 3524 sic
1270 3467 1388 3523 mm
1414 3456 1586 3547 Pr⁰⁰⁰⁵⁸it
1609 3457 1740 3576 ΜΨ]
1767 3468 1808 3525 ⁰¹
1830 3459 1936 3575 {erim
1962 3459 2019 3527 die
2040 3461 2181 3579 venerit

145 3606 290 3664 nor'um.
340 3593 425 3661 Fuit
445 3606 564 3662 autem
586 3597 670 3664 urbs
683 3595 820 3664 Gerara
839 3594 905 3664 sita
924 3595 961 3663 in
979 3597 1137 3686 regione,
1190 3560 1234 3625 ad
1260 3572 1418 3626 “mntem
1437 3555 1587 3642 M⁰r1³’
1621 3573 1655 3627 ‘l
1677 3561 1727 3628 'b'
1752 3562 1963 3630 ⁸³⁰r¹fi⁰¹¹¹¹¹¹
1981 3562 2179 3651 Persem·

147 3722 256 3791 quam
281 3708 404 3786 postea
428 3697 617 3785 occupavit
638 3698 752 3767 “ibus
777 3694 887 3778 luda,
913 3721 987 3769 non
1012 3699 1138 3789 procul
1189 3658 1327 3777 Harum
1352 3656 1587 3780 historiarum
1608 3664 1771 3731 doctrina
1790 3663 1979 3753 cogitanda
1998 3676 2070 3747 est,
2097 3689 2177 3734 cum

1189 3787 1317 3853 aspicis
1342 3765 1485 3831 urbium
1511 3778 1666 3854 positus,
1693 3766 1851 3835 Gerarae
1876 3779 1911 3834 et
1927 3764 2180 3860 lerosolymae,

1190 3877 1225 3934 et
1250 3866 1508 3934 consideranda
1534 3880 1586 3937 est
1608 3869 1694 3937 fides
1719 3881 1754 3938 et
1777 3867 1979 3939 obedientia
1999 3866 2181 3953 Abrahae,
2217 3958 2221 3964 ,

1190 3980 1225 4036 et
1247 3980 1369 4038 nostra
1394 3969 1583 4038 infirmitas
1607 3971 1829 4061 deploranda
1845 3984 1909 4042 est.
1961 3970 2015 4041 De
2032 3973 2180 4042 nomine

1190 4067 1317 4139 Morla
1348 4072 1507 4139 contenti
1528 4071 1639 4143 simus
1662 4074 1879 4166 etymologia
1902 4071 2091 4159 Abrabae,
2117 4074 2181 4168 qui
2205 4070 2207 4075 ’

1189 4173 1357 4242 nominat
1371 4186 1549 4257 montem,
1571 4173 1669 4245 Deus
1684 4176 1831 4246 videbit.
1884 4176 1938 4245 Sit
1952 4175 2062 4265 igitur
2080 4200 2181 4266 aspe-

1190 4277 1281 4358 ctio,
1309 4300 1371 4346 seu
1388 4277 1543 4346 ostensio
1559 4276 1639 4347 Dei.
1692 4278 1859 4349 Testatus
1877 4290 1930 4347 est
1952 4278 2047 4346 enim
2066 4278 2181 4346 Abra·
2233 4330 2237 4341 .

1190 4375 1274 4447 ham
1295 4374 1361 4447 hac
1377 4379 1637 4471 appellatione,
1663 4378 1780 4449 Deum
1804 4381 1842 4447 iu
1864 4375 1932 4447 hoc
1954 4380 2034 4447 loco
2049 4379 2182 4449 illustri

1190 4481 1397 4552 testimonio
1422 4483 1638 4575 patefactum
1661 4507 1755 4565 esse,
1782 4495 1818 4552 et
1831 4482 2106 4573 promissionem
2125 4504 2181 4552 re-

1190 4584 1368 4675 petivisse.
1408 4583 1483 4656 Nec
1497 4585 1635 4655 alienae
1648 4598 1733 4654 sunt
1748 4584 1987 4678 etymologiae
2002 4585 2113 4669 aliae,
2136 4582 2181 4653 Il·

1189 4687 1391 4771 luminans,
1416 4689 1473 4757 vel
1489 4688 1706 4758 illuminatio
1723 4687 1804 4773 Dei,
1828 4690 1884 4757 vel
1904 4688 2015 4757 timor
2025 4686 2097 4757 Dei
2109 4742 2119 4770 ,
2144 4688 2192 4755 id.

1191 4803 1261 4872 est,
1287 4790 1385 4860 locus
1404 4793 1518 4861 cultus
1536 4791 1661 4860 divini.

146 3801 191 3868 ab
207 3798 367 3868 Hebron.
419 3797 465 3866 Et
489 3799 633 3890 quidem
656 3800 722 3869 sita
741 3801 809 3869 luit
826 3799 920 3868 inter
936 3800 1083 3869 Hebron
1104 3814 1139 3868 et

147 3902 294 3972 Gazam.

249 4003 439 4072 Sciendum
465 4016 517 4073 est
541 4003 667 4094 igitur,
692 4003 903 4073 Cananaeae
928 4006 1138 4098 appellatio-

147 4131 229 4176 uem
255 4106 495 4200 antiquiorem
520 4131 614 4189 esse,
640 4120 676 4175 et
699 4108 819 4198 plures
842 4119 964 4198 gentes
982 4110 1139 4200 comple-

147 4235 228 4279 xam
250 4209 357 4278 luisse
379 4234 487 4303 quam
512 4209 706 4302 appellatio
728 4207 941 4294 Philistiim,
974 4213 1038 4304 qui
1063 4235 1138 4280 non

148 4324 341 4382 tenuerunt
371 4312 578 4381 universum
604 4313 783 4402 spatium,
818 4315 916 4406 quod
940 4326 1062 4404 postea
1089 4312 1138 4383 ls-

148 4415 294 4485 raelitae
321 4428 553 4506 occuparunt.
612 4414 682 4483 Sed
707 4428 827 4484 tamen
850 4416 932 4510 quia
956 4416 995 4483 in
1017 4417 1138 4485 littore

146 4508 234 4608 gens
250 4512 443 4586 Philistiim
461 4542 609 4609 magnas
624 4519 729 4588 urbes
742 4513 888 4601 habuit,
914 4518 1138 4589 Palaestinae

148 4644 282 4689 nonren
297 4619 445 4690 Graecis
466 4633 593 4690 notum
617 4620 685 4690 fuit
707 4635 855 4713 propter
878 4621 1138 4712 navigationes,

148 4723 239 4795 sicut
271 4721 476 4791 Herodotus
511 4723 549 4789 in
582 4723 772 4815 Polymnia
811 4719 863 4822 [c.
888 4719 970 4819 89.]
1008 4724 1138 4818 iuquit,

148 4822 408 4919 Phoenicas-et
425 4824 534 4916 Syros
557 4838 716 4896 tenentes
732 4826 973 4897 Palaestinam
999 4838 1140 4897 trecen·

149 4941 204 4997 tas
223 4952 331 4997 naves
346 4928 454 4996 Xerxi
478 4927 633 5010 misisse,
660 4953 701 4996 ac
717 4941 838 5019 postea
867 4926 925 5026 [in
945 4927 1138 5027 eod.'cap.]
1292 4922 1333 4992 lu
1349 4923 1465 5016 capite
1481 4920 1517 4995 5.
1535 4926 1663 5010 Marci,
1691 4940 1727 4994 et
1746 4928 1860 5018 capite
1877 4926 1914 4997 8.
1928 4924 2046 5009 Lucae
2063 4928 2181 4995 uomi-

150 5030 251 5098 addit
265 5030 447 5099 nominari
462 5031 702 5100 Palaestinam
720 5031 902 5121 regionem
920 5034 964 5100 ab
981 5045 1137 5102 extrema
1192 5040 1299 5097 natur
1330 5029 1429 5117 regio
1452 5028 1747 5113 Gadarenorum,
1787 5031 1824 5098 iu
1859 5031 1983 5098 eadem
2017 5026 2182 5112 historia.

146 5148 222 5225 o'ra¹
233 5133 385 5223 Aegypti
408 5158 520 5227 usque
542 5136 587 5201 ad
605 5128 826 5218 Phoenicas,
854 5138 918 5228 τῆς
937 5127 979 5206 δὲ
997 5130 1142 5230 Συρίης
1192 5131 1254 5200 ubi
1270 5126 1433 5202 Christus
1454 5132 1598 5235 expellit
1612 5131 1787 5203 Diabolus
1810 5156 1852 5202 ex
1867 5129 2015 5202 homine
2031 5134 2181 5216 furioso,

170 5322 173 5327 Ι
202 5237 219 5254 ”
243 5260 264 5306 o
292 5231 336 5304 cd
361 5231 505 5330 χωρίον
532 5233 596 5308 καὶ
625 5233 668 5309 τὸ
693 5234 804 5332 μέχρι
826 5233 1023 5335 Alydmov
1050 5242 1142 5329 πᾶν,
1193 5246 1229 5302 et
1250 5233 1403 5301 Diaboli
1419 5235 1616 5305 insilientes
1638 5236 1676 5304 in
1700 5261 1831 5329 porcos
1852 5236 2092 5327 praecipitant
2120 5260 2181 5307 eos

113 5252 576 5430 .¹HHmmtrqxotsnaa.
1193 5337 1231 5405 in
1259 5337 1391 5407 lacum.
1449 5336 1540 5406 Eam
1570 5339 1752 5429 regionem
1782 5335 1986 5410 Matthaeus
2015 5337 2181 5407 nominat

253 5437 379 5534 ltaque
395 5453 430 5508 et
446 5454 567 5533 postea
585 5443 726 5525 Graeci,
754 5455 794 5512 ut
810 5443 1050 5526 Ptolemaeus,
1075 5467 1141 5513 uo·
1193 5439 1501 5532 Gergesenorum,
1535 5453 1570 5510 et
1590 5441 1833 5536 Hieronymus
1854 5442 1961 5510 vertit
1978 5440 2183 5510 Geraseno-

147 5542 248 5613 mine
266 5542 493 5613 Palaestinae
510 5544 686 5637 complexi
701 5558 785 5616 sunt
800 5542 991 5629 Iudaeam,
1017 5545 1141 5615 Sama·
1195 5566 1288 5614 rum.
1340 5542 1407 5612 Hic
1428 5545 1610 5615 sciendum
1635 5559 1706 5629 est,
1739 5546 1912 5637 oppidum
1933 5542 2067 5612 Gerasa
2093 5543 2182 5612 cele·

203 5657 384 5724 muru.
408 5660 512 5724 Oen.
556 5660 641 5725 Vou
664 5659 738 5724 xx
1093 5668 1097 5674 ·
1720 5646 1772 5722 29
