5125 6525
129 473 221 557 im
331 479 375 551 V.
427 472 686 549 {nonomen
712 467 957 569 Quasnam
981 457 1259 539 unctum
1285 459 1437 535 INTER
1462 455 1696 531 emmens
1720 457 2003 533 LECTIONES.
2106 457 2185 534 694

142 653 216 723 Ubi
231 651 371 744 agnitio
390 650 527 742 peccati
549 658 717 729 nonest,
750 643 799 715 ibi
822 665 897 712 non
921 652 1134 732 potestesse

507 793 512 802 ι
554 749 702 820 institia.

143 855 217 930 Ubi
234 878 312 926 non
326 868 379 926 est
394 853 548 935 iustitia,
574 852 624 919 ibi
638 873 706 920 nec
720 851 807 918 vita.

143 960 219 1030 Ubi
233 981 309 1027 non
324 970 378 1029 est
393 957 488 1037 vita,
513 955 564 1023 ibi
581 977 691 1023 mors.

143 1063 218 1132 Ubi
232 1084 349 1142 mors,
376 1059 425 1129 ibi
440 1071 647 1151 peccatum,
673 1054 848 1123 Diabolus
862 1063 897 1119 et
913 1050 1086 1118 infernus.

131 1158 369 1240 'Otctb'oosb
385 1164 487 1236 sessu
500 1157 565 1253 flbt
578 1162 635 1234 bet
647 1152 780 1245 brulis!
794 1173 859 1240 om

114 1311 119 1320 ·
146 1268 283 1342 Eorum
296 1266 372 1348 batt
385 1262 443 1355 felt
458 1265 520 1336 mie
536 1265 589 1335 eis
605 1260 755 1353 librifico
770 1276 861 1331 mos.

255 1432 438 1509 chvnt
473 1433 534 1503 De
561 1433 759 1527 quodam
783 1419 1025 1499 Monacho.

245 1573 330 1644 Fuit
349 1570 497 1667 quidam
522 1561 726 1637 Monachus
748 1576 905 1644 astutus,
943 1559 1006 1653 qui
1030 1580 1136 1625 mane

144 1699 292 1767 surgens
306 1674 459 1744 debebat
472 1673 590 1763 legere
605 1663 715 1739 boras
729 1665 931 1735 canonicas.
982 1657 1062 1750 lpse
1075 1681 1137 1729 au·

144 1791 216 1848 tem
232 1777 389 1850 sentiens
398 1773 499 1846 ¹hunc
521 1773 683 1841 laborem
703 1793 779 1840 esse
799 1767 986 1847 odiosum,
1010 1761 1138 1832 recitu-

144 1882 198 1949 vit
206 1876 449 1972 Alpbabetum
463 1879 498 1946 A
510 1877 537 1944 b
550 1898 581 1944 c.
633 1871 791 1941 Domine
803 1868 883 1940 lesu
897 1861 1052 1949 Christe,
1077 1885 1137 1933 ae·

144 1983 224 2074 cipe
242 1978 307 2052 bas
329 1980 470 2061 literas,
492 1990 529 2046 rt
550 1977 607 2046 fac
627 1975 694 2045 tibi
718 1974 787 2067 ipsi
812 1967 921 2041 horas
945 1966 1137 2038 canonicas

125 2083 134 2100 ’“
141 2085 201 2154 vel
218 2086 317 2178 quod
332 2083 398 2153 tibi
411 2079 597 2172 placuerit.

377 2219 527 2341 centn
567 2265 629 2335 De
651 2263 896 2356 Episcopo.

133 2477 162 2492 „,
247 2405 447 2499 Episcopus
472 2398 752 2490 salisburgensis
775 2421 855 2466 cum
887 2396 929 2484 in·
951 2391 1135 2485 poblicum

146 2510 383 2580 diversorium
397 2504 610 2586 divertisset,
634 2502 756 2594 ibique
773 2521 908 2567 novum
925 2493 1138 2565 Testamen-

100 2603 102 2607 ’
145 2627 222 2682 tum
237 2609 444 2701 reperisset,
472 2618 596 2698 aperto
610 2604 703 2671 libro
722 2604 816 2671 forte
832 2600 960 2669 incidit
979 2598 1018 2666 in
1040 2593 1137 2666 hunc

143 2717 264 2783 locum
281 2709 387 2781 Pauli
402 2711 449 2778 ad
460 2707 590 2791 Rom,
614 2706 677 2775 ubi
696 2703 798 2774 dicit:
825 2699 1057 2771 Arbitramur
1073 2699 1138 2792 igi-

145 2831 206 2886 tur
220 2811 406 2883 hominem
425 2805 607 2882 iustificari
621 2808 696 2878 sola
712 2808 782 2877 lide
798 2817 864 2877 etc.
874 2803 934 2901 ³).
985 2802 1058 2872 Ubi
1078 2801 1138 2871 ille

146 2927 348 2988 commotus
372 2913 425 2983 ira
447 2912 554 2982 dixit:
596 2908 717 3002 &idm
750 2903 833 2997 bitte
858 2904 937 3000 otttb
958 2899 1137 2996 ssdtbttiftb

140 3010 303 3094 'wttbtttf
336 3029 370 3086 et
389 3015 518 3086 abiecit
532 3014 677 3083 librum.

248 3202 383 3278 CClaX.
418 3202 482 3272 De
507 3199 735 3294 Episcopo
763 3194 1028 3267 ambitioso.

247 3339 332 3414 Fuit
354 3338 554 3434 Episcopus
577 3334 723 3431 quidam
746 3328 910 3405 Basantii
934 3330 1030 3425 apud
1044 3328 1139 3403 Bur-

146 3448 346 3539 gundiones
366 3441 577 3513 ambitiosus
599 3450 636 3506 et
658 3434 794 3529 gloriae
818 3432 988 3526 cupidus,
1023 3445 1065 3504 ut
1085 3432 1140 3503 in·

144 3549 230 3621 feris
242 3573 279 3620 se
293 3549 472 3618 devovere
486 3564 563 3611 non
579 3539 781 3622 dubitaret,
807 3537 917 3605 modo
931 3535 1034 3605 fieret
1048 3558 1140 3629 pon·

145 3652 233 3722 tifex
246 3650 455 3730 Romanus,
481 3643 658 3737 velletque
681 3652 803 3733 petere
821 3638 1000 3722 Romam,
1032 3651 1068 3709 et
1089 3636 1141 3708 ibi

146 3754 208 3847 pia
232 3747 490 3823 consuetudine
510 3745 645 3817 sedere.
707 3740 870 3838 Cumque
893 3741 966 3810 iam
988 3754 1080 3815 esset
1100 3740 1141 3811 in

143 3855 289 3940 itinere,
315 3850 413 3922 venit
427 3849 479 3919 illi
494 3846 637 3918 obviam
647 3846 823 3918 Diabolus
839 3845 1022 3917 ablaturus
1038 3843 1138 3915 illum

87 3968 90 3975 '
146 3959 195 4031 ad
209 3958 354 4027 inferos.
406 3950 606 4047 Episcopus
623 3952 747 4021 videns
763 3949 884 4020 adesse
907 3945 1050 4018 animae
1073 3941 1140 4018 bo-

146 4073 258 4144 stem,
283 4056 429 4128 volebat
441 4080 479 4127 se
502 4054 691 4125 defendere
713 4052 816 4145 signo
839 4062 983 4122 sanctae
1007 4048 1140 4129 crucis:

145 4160 323 4234 Diabolus
351 4183 438 4229 vero
469 4158 634 4228 auferens
658 4167 694 4228 et
712 4152 888 4248 recipiens
909 4150 1140 4248 Episcopum,

148 4265 213 4336 tali
228 4265 485 4359 epigrammate
499 4284 584 4331 usus
602 4273 673 4332 est:

253 4381 339 4448 stgm
357 4381 386 4430 ta
403 4379 501 4443 signs,
527 4379 631 4429 lenm
647 4390 692 4428 ne
709 4374 804 4440 tangis
821 4377 850 4427 st
867 4372 965 4438 sugis,

320 4467 410 4517 lton
426 4463 475 4515 tlbl
493 4462 584 4513 snblto
601 4462 720 4514 nottbus
739 4460 790 4511 lbtt
806 4471 893 4512 tuor.

91 4605 95 4611 Ι
228 4618 377 4695 CCLxl.
416 4618 478 4689 De
503 4616 624 4689 Luca
651 4617 833 4709 pictore
859 4614 1062 4688 Witten-

532 4720 756 4812 bergensi

252 4859 367 4931 Lucas
383 4852 548 4929 Cranacb
556 4856 604 4952 ¹⁷)
619 4857 736 4949 pictor
755 4858 815 4950 bot
837 4852 902 4948 suf
921 4859 975 4932 eis
996 4859 1057 4948 μὴ
1080 4859 1141 4933 mit

148 4973 220 5043 tem
233 4960 371 5057 Elide(
388 4979 454 5036 ooo
480 4958 611 5051 Rotae
631 4964 760 5053 gotes.
819 4960 881 5036 na
902 4977 1016 5035 moseo
1025 4956 1071 5056 1·)
1096 4963 1142 5037 tm

148 5069 253 5144 fletos
268 5064 407 5159 fifdytttn
423 5060 570 5159 {tegetes
584 5067 730 5151 mortes,
756 5064 806 5138 ste
822 5062 935 5149 better
948 5067 1020 5138 tem
1035 5065 1143 5141 tutet

148 5168 270 5246 nato
286 5164 357 5259 [ebs
372 5164 647 5261 ost-gemmet.
667 5169 790 5247 tort·
802 5186 836 5240 et
850 5163 929 5259 oud>
942 5167 1009 5240 olet
1023 5170 1143 5264 gretes

98 5368 103 5385 ι
148 5275 231 5368 bot,
271 5273 334 5343 bet
362 5266 421 5359 fieb
449 5272 607 5357 sttruos
636 5270 779 5344 tortiles
812 5271 1020 5344 sewtsbett
1040 5268 1143 5359 batte.

152 5429 360 5446 ..----·-·---

187 5507 233 5575 tt)
252 5508 330 5560 Rom.
344 5504 372 5568 8,
390 5500 434 5556 20.

186 5592 235 5653 17)
252 5591 396 5650 cremet]
413 5588 497 5642 cod:
520 5588 637 5641 croniet·

188 5679 237 5738 18)
254 5675 347 5742 men]
367 5678 453 5730 cod:
479 5673 579 5730 steten

208 5762 393 5826 Hmmn.
416 5759 524 5825 om.
557 5759 643 5825 Von.
663 5759 738 5824 xx

1187 635 1271 710 tlsb
1288 636 1348 706 mie
1371 630 1450 725 oud)
1464 636 1520 706 tes
1533 629 1673 723 Bilbof
1682 630 1803 727 solbet
1819 628 1950 724 gelobo:
1967 631 2046 721 bet.
2072 632 2183 722 botes

1187 739 1223 810 to
1237 734 1392 830 gebogt.
1417 735 1459 807 ob
1475 754 1511 807 et
1529 734 1721 809 beedmot
1744 737 1908 828 gemmeo.
1961 734 2061 826 &opt
2076 734 2183 808 tutet
2256 822 2262 840 ,

1188 837 1326 914 maes:
1356 837 1409 919 Sc
1426 836 1560 929 mettid)
1579 834 1626 928 td>
1643 838 1699 910 bia
1718 836 1789 929 febr
1804 836 1915 910 bonet
1928 832 2082 928 petorita.
2119 836 2182 910 lle

1187 942 1248 1031 bct
1263 960 1298 1013 ee
1313 937 1510 1032 ingestam,
1538 940 1629 1013 obet
1644 939 1722 1033 esd)
1740 941 1820 1032 teng
1835 954 1914 1012 oet.
1965 937 2124 1012 tuom
2147 958 2181 1011 et

1187 1044 1367 1116 miserm:
1390 1042 1463 1130 &ur
1477 1043 1527 1115 52
1545 1042 1658 1125 Serto
1675 1044 1731 1136 teg
1745 1041 1790 1135 id)
1805 1042 1877 1133 febr
1891 1040 2001 1115 troad
2021 1060 2059 1131 su
2079 1040 2180 1114 ssim

1187 1146 1224 1218 ts
1242 1141 1436 1233 obtecto.

1098 1269 1101 1275 Ι
1173 1297 1176 1302 ’
1227 1291 1318 1367 CCL
1386 1293 1453 1389 ¹⁸¹)
1494 1293 1556 1365 De
1583 1319 1688 1387 rege
1713 1307 1880 1364 nasuto
1908 1308 1951 1365 et
1976 1296 2134 1368 stulto.

1292 1413 1451 1508 Quidam
1465 1413 1594 1485 stultus
1608 1427 1706 1486 stans
1727 1427 1811 1483 ante
1837 1438 1997 1486 mensam
2021 1416 2060 1485 in
2085 1416 2181 1500 auls,

1189 1518 1372 1612 quendam
1396 1515 1488 1584 vidit
1514 1539 1633 1607 regem
1669 1516 1719 1583 ibi
1749 1519 1930 1586 sedentem
1959 1543 2038 1591 cum
2070 1518 2181 1610 longo

1188 1643 1299 1702 naso,
1320 1643 1429 1712 quem
1446 1642 1527 1688 cum
1548 1617 1734 1699 illusisset,
1760 1619 1893 1711 inquit:
1930 1622 1982 1710 (ἐι)
2003 1621 2064 1694 mie
2085 1617 2181 1709 balle

1188 1722 1223 1812 [o
1237 1723 1291 1795 eis
1305 1724 1405 1816 grob:
1421 1716 1533 1810 noles.
1573 1718 1692 1792 Iussus
1707 1732 1759 1790 est
1774 1731 1907 1800 tacere:
1934 1742 1968 1795 et
1983 1725 2061 1797 obet
2078 1725 2181 1797 mottt

1189 1822 1347 1899 wibertus
1363 1830 1424 1917 gut
1438 1821 1588 1917 moden.
1614 1826 1680 1897 sub
1704 1821 1794 1916 leat:
1821 1823 1874 1912 Et)
1890 1825 1952 1897 mie
1965 1823 2060 1916 bellu
2078 1822 2112 1912 lo
2127 1827 2181 1900 eto

1188 1925 1294 2018 lebret
1309 1927 1432 2002 tteioet
1450 1925 1584 2018 ntsstitt.
1634 1924 1752 1997 lussus
1768 1937 1821 1996 est
1836 1928 1939 1995 educi
1956 1939 1992 1995 et
2015 1928 2183 2019 castigari

1188 2029 1318 2122 virgis,
1357 2052 1403 2101 nc
1428 2024 1578 2121 Posthac
1601 2028 1741 2098 videret
1761 2050 1895 2117 regem.
1960 2027 2044 2099 Non
2074 2030 2182 2122 longe

1189 2144 1308 2202 autem
1326 2143 1408 2223 post
1420 2133 1600 2222 ingressus
1622 2143 1676 2201 est
1698 2142 1732 2199 et
1753 2129 1844 2198 dixit
1867 2132 1913 2201 ad
1938 2130 2058 2206 illum:
2093 2132 2183 2208 Ros

1049 2321 1053 2328 Ι
1188 2233 1282 2327 gebat
1314 2232 1496 2326 mid-bein
1527 2231 1627 2322 noles
1661 2256 1725 2320 oo,
1764 2237 1826 2306 bot
1853 2255 1933 2307 mou
1956 2234 2035 2330 mid)
2062 2240 2183 2310 totum

1188 2332 1330 2436 [blegtt
1357 2341 1411 2410 'bs
1426 2356 1490 2410 sot
1507 2346 1566 2428 got
1580 2337 1641 2428 geb
1656 2340 1700 2409 bs
1726 2331 1797 2426 boll
1818 2336 1871 2409 eis
1895 2335 1995 2423 uoles
2015 2341 2091 2413 obet
2115 2329 2183 2429 tes

1190 2438 1278 2523 teto,
1304 2435 1337 2524 lo
1352 2436 1449 2528 [bist
1464 2435 1511 2527 iob
1527 2438 1579 2509 bit
1597 2434 1659 2525 suf
1674 2438 1724 2511 tie
1737 2433 1847 2524 aclea.

1396 2579 1566 2657 chxu.
1596 2584 1659 2689 De
1684 2587 1837 2656 faceto
1863 2589 1976 2659 fure.

1294 2725 1344 2806 311
1360 2723 1517 2806 Emittam
1534 2722 1681 2818 quidam
1698 2746 1735 2793 se
1751 2723 1908 2794 interdiu
1932 2724 1970 2793 in
1993 2726 2097 2796 aedes
2123 2750 2183 2796 cu-

1188 2824 1330 2897 iusdam
1354 2828 1606 2918 proripuerat,
1639 2837 1680 2895 nt
1703 2825 1825 2895 omnia
1853 2827 2043 2916 diligenter
2062 2828 2183 2921 perlu-

1188 2938 1340 3011 straret,
1364 2927 1395 2998 si
1409 2927 1497 3022 quid
1511 2929 1652 2998 auferre
1672 2940 1810 3019 posset,
1837 2941 1968 3000 etcum
1992 2925 2084 2999 nibil
2105 2928 2184 3000 ani-

1188 3032 1453 3112 madverterat,
1502 3030 1594 3099 vidit
1619 3031 1659 3099 in
1687 3030 1804 3100 culina
1834 3029 1975 3103 lardum
2011 3033 2184 3125 pendens,

1189 3134 1288 3228 quod
1303 3132 1419 3202 furari
1432 3134 1651 3202 decreverat.
1710 3131 1800 3203 Cum
1819 3157 1906 3203 vcro
1924 3157 2049 3204 omnes
2064 3134 2102 3203 in
2115 3136 2185 3204 do-

1189 3259 1251 3305 mo
1276 3234 1436 3305 cubitum
1458 3233 1625 3318 ivissent,
1659 3245 1695 3303 et
1717 3247 1857 3327 partem
1881 3237 1973 3307 collo
1995 3236 2184 3330 imponere

1190 3349 1362 3421 conatur,
1388 3336 1522 3407 decidit
1534 3337 1689 3408 lardum.
1741 3336 1819 3409 Hoc
1836 3340 1992 3410 tumultu
2010 3341 2185 3411 excitatur

1190 3439 1360 3511 dominus
1374 3438 1532 3524 aedium,
1547 3451 1583 3511 et
1596 3440 1789 3512 descendit.
1839 3438 1916 3511 Fur
1930 3439 2079 3514 audiens
2091 3454 2185 3514 stre-

1190 3541 1308 3635 pitum
1336 3542 1583 3613 descendentis
1605 3567 1648 3612 ex
1672 3543 1818 3614 aedibus
1848 3543 2004 3637 effugere
2033 3545 2185 3616 minime

1191 3655 1352 3738 poterat:
1392 3646 1500 3715 talem
1521 3644 1616 3715 enim
1640 3669 1757 3717 seram
1778 3641 1926 3733 habuit,
1959 3672 2052 3745 quae
2074 3646 2185 3718 etiam

1190 3747 1404 3819 intrinsecus
1420 3747 1555 3839 aperiri
1573 3772 1650 3818 non
1665 3759 1818 3839 poterat.
1867 3747 1982 3841 Igitur
2003 3747 2100 3823 hunc
2120 3751 2185 3821 do·

1190 3850 1265 3922 lum
1297 3850 1600 3935 comminiscitur,
1639 3852 1794 3922 accurrit
1824 3854 1870 3922 ad
1899 3855 2115 3937 fumarium,
2149 3865 2186 3923 et

1192 3965 1336 4046 accepta
1358 3953 1506 4044 fuligine
1529 3964 1643 4023 totam
1668 3954 1795 4023 faciem
1818 3955 1995 4046 denigrat.
2057 3953 2185 4026 Pater·

1189 4055 1345 4127 familias
1362 4057 1409 4126 ad
1429 4057 1550 4126 focum
1571 4055 1707 4148 pergit,
1733 4055 1966 4128 suscitaturus
1981 4058 2122 4150 ignem,
2149 4069 2186 4126 et

1191 4182 1272 4229 cum
1297 4156 1336 4226 in
1357 4157 1512 4227 cinerem
1533 4157 1657 4242 flaret,
1690 4170 1730 4228 ut
1752 4159 1939 4228 candelam
1963 4161 2186 4243 accenderet,

1189 4259 1249 4331 fur
1261 4282 1305 4328 ex
1322 4259 1433 4330 altera
1448 4271 1550 4352 parte
1573 4284 1648 4328 non
1673 4259 1793 4330 minus
1816 4261 1855 4328 in
1876 4261 2011 4332 cineres
2031 4261 2186 4354 inspira-

1190 4362 1254 4445 vit,
1279 4386 1353 4456 quo
1369 4363 1644 4453 perterrefactus
1658 4362 1916 4454 paterfamilias
1931 4361 2066 4458 inquit:
2094 4361 2186 4457 Quis

1190 4464 1337 4533 tandem
1372 4462 1434 4536 es?
1502 4465 1721 4559 Respondit:
1770 4463 1849 4555 Ego
1882 4489 1962 4535 sum
1997 4464 2186 4537 Diabolus.

1191 4564 1298 4635 'l'unc
1318 4567 1395 4637 ille:
1423 4565 1522 4660 Quid
1539 4591 1625 4659 ergo
1648 4566 1727 4638 vis?
1778 4567 1997 4659 Respondit:
2024 4567 2186 4641 Lardum

1191 4668 1288 4740 volo.
1347 4668 1532 4763 Accipias,
1571 4668 1658 4739 dicit
1682 4670 1761 4753 ille,
1802 4684 1839 4740 et
1867 4670 1985 4744 abeas.
2047 4670 2186 4757 flabro,

1191 4770 1311 4866 inquit
1325 4770 1395 4843 fur.
1444 4773 1563 4843 Abeas'
1583 4796 1680 4864 ergo.
1731 4770 1836 4843 Tunc
1856 4774 1932 4845 ille:
1959 4775 2111 4868 Aperias
2134 4773 2187 4843 ia-

1190 4898 1315 4944 nuam.
1368 4874 1452 4968 Quo
1467 4875 1562 4945 facto
1576 4874 1665 4946 abiit
1677 4899 1821 4949 securus
1834 4877 1975 4948 lardum
2000 4877 2039 4947 in
2061 4873 2188 4949 hume·

1192 4977 1242 5048 ris
1255 4978 1386 5053 ferens.
1435 4976 1549 5047 Fama
1565 4991 1710 5072 postero
1724 4977 1782 5049 die
1795 5002 1860 5071 per
1874 4993 1988 5050 totam
2004 4981 2186 5052 civitatem

1193 5078 1458 5178 divulgatur¹⁹)
1481 5078 1675 5151 Diabolum
1698 5081 1804 5152 fuisse
1826 5082 1866 5151 in
1888 5084 2036 5156 aedibus
2058 5098 2094 5156 et
2116 5071 2189 5153 lar·

1193 5184 1279 5253 dum
1296 5184 1463 5256 voluisse.
1513 5182 1623 5254 Brevi
1640 5196 1803 5276 tempore
1831 5210 1911 5273 cum
1935 5186 2111 5258 eiusmodi
2133 5188 2187 5257 fa·

1193 5285 1317 5357 einora
1336 5287 1449 5356 multa
1469 5300 1726 5378 prpetrasset‚
1758 5300 1793 5357 et
1817 5287 1854 5357 in
1879 5288 1957 5381 ipso
1980 5293 2074 5360 facto
2097 5300 2189 5359 esset

1194 5384 1447 5479 deprehensus,
1474 5388 1664 5459 coniicitur
1680 5389 1717 5459 in
1734 5414 1932 5474 carcerem,
1960 5404 2091 5461 etcum
2112 5402 2187 5457 tor·

1197 5530 1365 5542 ..η-...-

1227 5588 1293 5654 181)
1314 5590 1360 5642 sic
1376 5589 1448 5639 tlon
1466 5601 1596 5640 numerus
1616 5590 1644 5639 in
1663 5590 1730 5642 cod.
1752 5591 1794 5641 bls
1812 5591 1970 5652 sdsoelptns
1986 5590 2040 5640 set.

1233 5671 1280 5741 19)
1298 5670 1469 5739 mulgetur]
1489 5674 1572 5760 cod:
1600 5673 1788 5813 dintgatgtpr
2038 5664 2041 5673 '
