<?xml version="1.0" encoding="UTF-8"?>
<!DOCTYPE html PUBLIC "-//W3C//DTD XHTML 1.0 Transitional//EN"
    "http://www.w3.org/TR/xhtml1/DTD/xhtml1-transitional.dtd">
<html xmlns="http://www.w3.org/1999/xhtml" xml:lang="en" lang="en">
 <head>
  <title>
</title>
<meta http-equiv="Content-Type" content="text/html;charset=utf-8" />
  <meta name='ocr-system' content='tesseract 3.04.00' />
  <meta name='ocr-capabilities' content='ocr_page ocr_carea ocr_par ocr_line ocrx_word'/>
</head>
<body>
  <div class='ocr_page' id='page_1' title='image "./philippimelanth20melagoog_0238.png"; bbox 0 0 5125 6525; ppageno 0'>
   <div class='ocr_carea' id='block_1_1' title="bbox 497 267 518 306">
    <p class='ocr_par' dir='ltr' id='par_1_1' title="bbox 497 267 518 306">
     <span class='ocr_line' id='line_1_1' title="bbox 497 267 518 306; baseline 0 0"><span class='ocrx_word' id='word_1_1' title='bbox 497 267 518 306; x_wconf 63' lang='lat' dir='ltr'><strong>le</strong></span> 
     </span>
    </p>
   </div>
   <div class='ocr_carea' id='block_1_2' title="bbox 147 335 2193 509">
    <p class='ocr_par' dir='ltr' id='par_1_2' title="bbox 147 335 2193 509">
     <span class='ocr_line' id='line_1_2' title="bbox 147 335 2193 509; baseline -0.002 -37"><span class='ocrx_word' id='word_1_2' title='bbox 147 335 226 472; x_wconf 73' lang='lat' dir='ltr'><strong>tlt</strong></span> <span class='ocrx_word' id='word_1_3' title='bbox 333 390 381 468; x_wconf 82' lang='lat' dir='ltr'><strong>V.</strong></span> <span class='ocrx_word' id='word_1_4' title='bbox 432 387 691 464; x_wconf 73' lang='lat' dir='ltr'><strong>fflsromau</strong></span> <span class='ocrx_word' id='word_1_5' title='bbox 717 389 964 487; x_wconf 76' lang='lat' dir='ltr'><strong>QUAEDAM</strong></span> <span class='ocrx_word' id='word_1_6' title='bbox 987 391 1270 466; x_wconf 68' lang='lat' dir='ltr'><strong>fluctuarat</strong></span> <span class='ocrx_word' id='word_1_7' title='bbox 1294 392 1446 509; x_wconf 80' lang='lat' dir='ltr'>INTER</span> <span class='ocrx_word' id='word_1_8' title='bbox 1471 388 1705 492; x_wconf 67' lang='lat' dir='ltr'><strong>eunucus</strong></span> <span class='ocrx_word' id='word_1_9' title='bbox 1730 389 2012 469; x_wconf 68' lang='lat' dir='ltr'><strong>merlonus.</strong></span> <span class='ocrx_word' id='word_1_10' title='bbox 2117 396 2193 469; x_wconf 78' lang='lat'><strong>546</strong></span> 
     </span>
    </p>
   </div>
   <div class='ocr_carea' id='block_1_3' title="bbox 143 563 2193 866">
    <p class='ocr_par' dir='ltr' id='par_1_3' title="bbox 143 563 2193 866">
     <span class='ocr_line' id='line_1_3' title="bbox 144 563 2193 657; baseline -0.001 -19"><span class='ocrx_word' id='word_1_11' title='bbox 144 592 216 640; x_wconf 86' lang='lat' dir='ltr'><strong>ase</strong></span> <span class='ocrx_word' id='word_1_12' title='bbox 234 589 377 648; x_wconf 88' lang='lat' dir='ltr'><strong>arcere,</strong></span> <span class='ocrx_word' id='word_1_13' title='bbox 404 564 506 636; x_wconf 86' lang='lat' dir='ltr'><strong>iussit</strong></span> <span class='ocrx_word' id='word_1_14' title='bbox 522 563 590 634; x_wconf 92' lang='lat' dir='ltr'><strong>sibi</strong></span> <span class='ocrx_word' id='word_1_15' title='bbox 604 565 787 634; x_wconf 80' lang='lat' dir='ltr'><strong>aedificari</strong></span> <span class='ocrx_word' id='word_1_16' title='bbox 800 567 950 638; x_wconf 88' lang='lat' dir='ltr'><strong>domum</strong></span> <span class='ocrx_word' id='word_1_17' title='bbox 967 566 1007 636; x_wconf 91' lang='lat' dir='ltr'><strong>in</strong></span> <span class='ocrx_word' id='word_1_18' title='bbox 1020 565 1141 636; x_wconf 90' lang='lat' dir='ltr'><strong>medio</strong></span> <span class='ocrx_word' id='word_1_19' title='bbox 1194 568 1241 637; x_wconf 93' lang='lat' dir='ltr'><strong>ad</strong></span> <span class='ocrx_word' id='word_1_20' title='bbox 1276 566 1491 657; x_wconf 90' lang='lat' dir='ltr'><strong>supplicium</strong></span> <span class='ocrx_word' id='word_1_21' title='bbox 1528 566 1770 647; x_wconf 78' lang='lat' dir='ltr'>ducebantur,</span> <span class='ocrx_word' id='word_1_22' title='bbox 1820 566 2101 657; x_wconf 79' lang='lat' dir='ltr'><strong>imponebantur</strong></span> <span class='ocrx_word' id='word_1_23' title='bbox 2142 569 2193 642; x_wconf 81' lang='lat' dir='ltr'><strong>eis</strong></span> 
     </span>
     <span class='ocr_line' id='line_1_4' title="bbox 143 664 2193 763; baseline -0 -22"><span class='ocrx_word' id='word_1_24' title='bbox 143 668 285 752; x_wconf 84' lang='lat' dir='ltr'>Rheni,</span> <span class='ocrx_word' id='word_1_25' title='bbox 312 692 423 763; x_wconf 91' lang='lat' dir='ltr'><strong>quam</strong></span> <span class='ocrx_word' id='word_1_26' title='bbox 439 664 668 737; x_wconf 88' lang='lat' dir='ltr'><strong>inhabitaret.</strong></span> <span class='ocrx_word' id='word_1_27' title='bbox 720 666 761 738; x_wconf 93' lang='lat' dir='ltr'><strong>ld</strong></span> <span class='ocrx_word' id='word_1_28' title='bbox 775 670 909 739; x_wconf 83' lang='lat' dir='ltr'><strong>factum</strong></span> <span class='ocrx_word' id='word_1_29' title='bbox 926 683 997 753; x_wconf 93' lang='lat' dir='ltr'><strong>est,</strong></span> <span class='ocrx_word' id='word_1_30' title='bbox 1019 682 1142 739; x_wconf 88' lang='lat' dir='ltr'><strong>tamen</strong></span> <span class='ocrx_word' id='word_1_31' title='bbox 1193 671 1410 740; x_wconf 88' lang='lat' dir='ltr'><strong>stramineae</strong></span> <span class='ocrx_word' id='word_1_32' title='bbox 1435 692 1611 752; x_wconf 89' lang='lat' dir='ltr'><strong>coronae,</strong></span> <span class='ocrx_word' id='word_1_33' title='bbox 1651 683 1687 737; x_wconf 91' lang='lat' dir='ltr'><strong>et</strong></span> <span class='ocrx_word' id='word_1_34' title='bbox 1711 693 1791 739; x_wconf 91' lang='lat' dir='ltr'><strong>cum</strong></span> <span class='ocrx_word' id='word_1_35' title='bbox 1812 668 1904 759; x_wconf 85' lang='lat' dir='ltr'><strong>ignis</strong></span> <span class='ocrx_word' id='word_1_36' title='bbox 1929 669 2193 754; x_wconf 90' lang='lat' dir='ltr'><strong>incenderetur,</strong></span> 
     </span>
     <span class='ocr_line' id='line_1_5' title="bbox 144 766 2192 866; baseline -0.001 -22"><span class='ocrx_word' id='word_1_37' title='bbox 144 797 264 844; x_wconf 89' lang='lat' dir='ltr'><strong>mures</strong></span> <span class='ocrx_word' id='word_1_38' title='bbox 282 783 462 841; x_wconf 87' lang='lat' dir='ltr'><strong>venerunt</strong></span> <span class='ocrx_word' id='word_1_39' title='bbox 477 782 512 838; x_wconf 92' lang='lat' dir='ltr'><strong>et</strong></span> <span class='ocrx_word' id='word_1_40' title='bbox 527 766 694 840; x_wconf 84' lang='lat' dir='ltr'><strong>Rhenum</strong></span> <span class='ocrx_word' id='word_1_41' title='bbox 711 783 916 843; x_wconf 88' lang='lat' dir='ltr'><strong>tranarunt.</strong></span> <span class='ocrx_word' id='word_1_42' title='bbox 1194 773 1494 866; x_wconf 78' lang='lat' dir='ltr'><strong>colloquebantur</strong></span> <span class='ocrx_word' id='word_1_43' title='bbox 1507 774 1551 840; x_wconf 93' lang='lat' dir='ltr'><strong>de</strong></span> <span class='ocrx_word' id='word_1_44' title='bbox 1569 772 1640 843; x_wconf 90' lang='lat' dir='ltr'><strong>illis</strong></span> <span class='ocrx_word' id='word_1_45' title='bbox 1654 770 1798 841; x_wconf 92' lang='lat' dir='ltr'><strong>coronis</strong></span> <span class='ocrx_word' id='word_1_46' title='bbox 1823 772 1999 841; x_wconf 89' lang='lat' dir='ltr'><strong>dicentes:</strong></span> <span class='ocrx_word' id='word_1_47' title='bbox 2034 771 2110 843; x_wconf 88' lang='lat' dir='ltr'><strong>Nos</strong></span> <span class='ocrx_word' id='word_1_48' title='bbox 2127 797 2192 841; x_wconf 91' lang='lat' dir='ltr'><strong>an·</strong></span> 
     </span>
    </p>
   </div>
   <div class='ocr_carea' id='block_1_4' title="bbox 144 874 2193 1087">
    <p class='ocr_par' dir='ltr' id='par_1_4' title="bbox 144 874 2193 1087">
     <span class='ocr_line' id='line_1_6' title="bbox 247 874 2193 984; baseline 0.001 -40"><span class='ocrx_word' id='word_1_49' title='bbox 247 889 322 962; x_wconf 74' lang='lat' dir='ltr'><strong>cv,</strong></span> <span class='ocrx_word' id='word_1_50' title='bbox 353 886 520 959; x_wconf 66' lang='lat' dir='ltr'>Marchio</span> <span class='ocrx_word' id='word_1_51' title='bbox 543 890 711 962; x_wconf 61' lang='lat' dir='ltr'><strong>Athenas</strong></span> <span class='ocrx_word' id='word_1_52' title='bbox 734 890 914 984; x_wconf 65' lang='lat' dir='ltr'><strong>Episcopo</strong></span> <span class='ocrx_word' id='word_1_53' title='bbox 931 890 1141 981; x_wconf 65' lang='lat' dir='ltr'><strong>Augustam</strong></span> <span class='ocrx_word' id='word_1_54' title='bbox 1194 888 1250 944; x_wconf 91' lang='lat' dir='ltr'><strong>tea</strong></span> <span class='ocrx_word' id='word_1_55' title='bbox 1269 874 1486 965; x_wconf 76' lang='lat' dir='ltr'><strong>gustavimus</strong></span> <span class='ocrx_word' id='word_1_56' title='bbox 1502 898 1655 944; x_wconf 91' lang='lat' dir='ltr'><strong>coronas</strong></span> <span class='ocrx_word' id='word_1_57' title='bbox 1669 899 1710 943; x_wconf 86' lang='lat' dir='ltr'><strong>ex</strong></span> <span class='ocrx_word' id='word_1_58' title='bbox 1728 897 1818 944; x_wconf 93' lang='lat' dir='ltr'><strong>auro</strong></span> <span class='ocrx_word' id='word_1_59' title='bbox 1840 886 1876 942; x_wconf 91' lang='lat' dir='ltr'><strong>et</strong></span> <span class='ocrx_word' id='word_1_60' title='bbox 1899 888 2067 966; x_wconf 90' lang='lat' dir='ltr'><strong>argento,</strong></span> <span class='ocrx_word' id='word_1_61' title='bbox 2095 899 2193 946; x_wconf 88' lang='lat' dir='ltr'><strong>nnnc</strong></span> 
     </span>
     <span class='ocr_line' id='line_1_7' title="bbox 144 977 2192 1087; baseline -0.007 -24"><span class='ocrx_word' id='word_1_62' title='bbox 144 994 234 1064; x_wconf 82' lang='lat' dir='ltr'>dixit</span> <span class='ocrx_word' id='word_1_63' title='bbox 262 995 464 1083; x_wconf 75' lang='lat' dir='ltr'><strong>Augustae:</strong></span> <span class='ocrx_word' id='word_1_64' title='bbox 508 992 558 1075; x_wconf 64' lang='lat' dir='ltr'><strong>St</strong></span> <span class='ocrx_word' id='word_1_65' title='bbox 585 989 712 1087; x_wconf 70' lang='lat' dir='ltr'><strong>pfaffen</strong></span> <span class='ocrx_word' id='word_1_66' title='bbox 740 994 841 1086; x_wconf 61' lang='lat' dir='ltr'><strong>1quoe</strong></span> <span class='ocrx_word' id='word_1_67' title='bbox 861 990 960 1083; x_wconf 61' lang='lat' dir='ltr'><strong>bestat</strong></span> <span class='ocrx_word' id='word_1_68' title='bbox 981 998 1047 1068; x_wconf 61' lang='lat' dir='ltr'><strong>bag</strong></span> <span class='ocrx_word' id='word_1_69' title='bbox 1069 998 1144 1068; x_wconf 62' lang='lat' dir='ltr'><strong>wgt</strong></span> <span class='ocrx_word' id='word_1_70' title='bbox 1195 989 1375 1067; x_wconf 81' lang='lat' dir='ltr'><strong>gestamus</strong></span> <span class='ocrx_word' id='word_1_71' title='bbox 1390 978 1634 1059; x_wconf 87' lang='lat' dir='ltr'><strong>exstramine;</strong></span> <span class='ocrx_word' id='word_1_72' title='bbox 1662 980 1724 1047; x_wconf 92' lang='lat' dir='ltr'><strong>sed</strong></span> <span class='ocrx_word' id='word_1_73' title='bbox 1748 977 1837 1047; x_wconf 91' lang='lat' dir='ltr'><strong>istae</strong></span> <span class='ocrx_word' id='word_1_74' title='bbox 1854 978 2069 1047; x_wconf 89' lang='lat' dir='ltr'><strong>stramineae</strong></span> <span class='ocrx_word' id='word_1_75' title='bbox 2090 1003 2192 1050; x_wconf 91' lang='lat' dir='ltr'><strong>coro·</strong></span> 
     </span>
    </p>
   </div>
   <div class='ocr_carea' id='block_1_5' title="bbox 144 1080 2190 1294">
    <p class='ocr_par' dir='ltr' id='par_1_5' title="bbox 144 1080 2190 1294">
     <span class='ocr_line' id='line_1_8' title="bbox 144 1080 2190 1192; baseline -0.003 -20"><span class='ocrx_word' id='word_1_76' title='bbox 144 1095 297 1191; x_wconf 68' lang='lat' dir='ltr'><strong>mettlidye</strong></span> <span class='ocrx_word' id='word_1_77' title='bbox 322 1095 422 1187; x_wconf 69' lang='grc' dir='ltr'><strong>ῐιιτιις</strong></span> <span class='ocrx_word' id='word_1_78' title='bbox 463 1115 536 1169; x_wconf 80' lang='lat' dir='ltr'><strong>toea</strong></span> <span class='ocrx_word' id='word_1_79' title='bbox 558 1097 589 1169; x_wconf 82' lang='lat' dir='ltr'><strong>it</strong></span> <span class='ocrx_word' id='word_1_80' title='bbox 610 1093 744 1185; x_wconf 75' lang='lat' dir='ltr'><strong>stertet,</strong></span> <span class='ocrx_word' id='word_1_81' title='bbox 778 1095 812 1186; x_wconf 74' lang='lat' dir='ltr'><strong>lo</strong></span> <span class='ocrx_word' id='word_1_82' title='bbox 837 1102 947 1192; x_wconf 64' lang='lat' dir='ltr'><strong>trudet</strong></span> <span class='ocrx_word' id='word_1_83' title='bbox 968 1099 999 1171; x_wconf 82' lang='lat' dir='ltr'><strong>it</strong></span> <span class='ocrx_word' id='word_1_84' title='bbox 1022 1099 1143 1190; x_wconf 73' lang='lat' dir='ltr'><strong>sorbis</strong></span> <span class='ocrx_word' id='word_1_85' title='bbox 1194 1104 1263 1149; x_wconf 69' lang='lat'><strong>¹¹³²</strong></span> <span class='ocrx_word' id='word_1_86' title='bbox 1281 1092 1388 1149; x_wconf 84' lang='lat' dir='ltr'><strong>erunt</strong></span> <span class='ocrx_word' id='word_1_87' title='bbox 1409 1080 1490 1171; x_wconf 67' lang='lat'><strong>9¹⁰⁸</strong></span> <span class='ocrx_word' id='word_1_88' title='bbox 1515 1105 1624 1173; x_wconf 62' lang='grc' dir='ltr'><strong>(ΨΜ</strong></span> <span class='ocrx_word' id='word_1_89' title='bbox 1651 1104 1801 1161; x_wconf 78' lang='lat' dir='ltr'><strong>aureae,</strong></span> <span class='ocrx_word' id='word_1_90' title='bbox 1839 1082 1985 1173; x_wconf 86' lang='lat' dir='ltr'><strong>quaudo</strong></span> <span class='ocrx_word' id='word_1_91' title='bbox 2005 1082 2190 1154; x_wconf 71' lang='lat' dir='ltr'><strong>veniemus</strong></span> 
     </span>
     <span class='ocr_line' id='line_1_9' title="bbox 144 1180 2090 1294; baseline -0.007 -20"><span class='ocrx_word' id='word_1_92' title='bbox 144 1201 243 1288; x_wconf 74' lang='lat' dir='ltr'><strong>test,</strong></span> <span class='ocrx_word' id='word_1_93' title='bbox 268 1217 322 1273; x_wconf 78' lang='lat' dir='ltr'><strong>uo</strong></span> <span class='ocrx_word' id='word_1_94' title='bbox 342 1202 372 1273; x_wconf 81' lang='lat' dir='ltr'><strong>it</strong></span> <span class='ocrx_word' id='word_1_95' title='bbox 395 1200 453 1291; x_wconf 73' lang='lat' dir='ltr'><strong>bia</strong></span> <span class='ocrx_word' id='word_1_96' title='bbox 476 1198 582 1291; x_wconf 75' lang='lat' dir='ltr'><strong>foret,</strong></span> <span class='ocrx_word' id='word_1_97' title='bbox 610 1201 675 1273; x_wconf 79' lang='lat' dir='ltr'><strong>bau</strong></span> <span class='ocrx_word' id='word_1_98' title='bbox 696 1200 726 1273; x_wconf 83' lang='lat' dir='ltr'><strong>it</strong></span> <span class='ocrx_word' id='word_1_99' title='bbox 750 1200 832 1293; x_wconf 68' lang='lat' dir='ltr'><strong>bobt</strong></span> <span class='ocrx_word' id='word_1_100' title='bbox 855 1204 907 1275; x_wconf 82' lang='lat' dir='ltr'><strong>ein</strong></span> <span class='ocrx_word' id='word_1_101' title='bbox 928 1204 1049 1294; x_wconf 62' lang='lat' dir='ltr'><strong>gemite</strong></span> <span class='ocrx_word' id='word_1_102' title='bbox 1072 1203 1144 1292; x_wconf 74' lang='lat' dir='ltr'><strong>ber:</strong></span> <span class='ocrx_word' id='word_1_103' title='bbox 1195 1186 1240 1253; x_wconf 82' lang='lat' dir='ltr'><strong>ad</strong></span> <span class='ocrx_word' id='word_1_104' title='bbox 1263 1182 1453 1251; x_wconf 85' lang='lat' dir='ltr'><strong>domiuum</strong></span> <span class='ocrx_word' id='word_1_105' title='bbox 1469 1194 1633 1253; x_wconf 82' lang='lat' dir='ltr'><strong>nostrum</strong></span> <span class='ocrx_word' id='word_1_106' title='bbox 1656 1180 1809 1254; x_wconf 78' lang='lat' dir='ltr'><strong>lESUM</strong></span> <span class='ocrx_word' id='word_1_107' title='bbox 1828 1181 2090 1255; x_wconf 81' lang='lat' dir='ltr'><strong>CHRISTUM.</strong></span> 
     </span>
    </p>
   </div>
   <div class='ocr_carea' id='block_1_6' title="bbox 143 1300 2194 2236">
    <p class='ocr_par' dir='ltr' id='par_1_6' title="bbox 145 1300 2192 1515">
     <span class='ocr_line' id='line_1_10' title="bbox 145 1300 2191 1411; baseline -0.001 -23"><span class='ocrx_word' id='word_1_108' title='bbox 145 1301 248 1397; x_wconf 64' lang='lat' dir='ltr'><strong>buida</strong></span> <span class='ocrx_word' id='word_1_109' title='bbox 263 1305 331 1376; x_wconf 72' lang='lat' dir='ltr'><strong>aab</strong></span> <span class='ocrx_word' id='word_1_110' title='bbox 348 1305 458 1394; x_wconf 69' lang='lat' dir='ltr'><strong>moses</strong></span> <span class='ocrx_word' id='word_1_111' title='bbox 472 1304 560 1388; x_wconf 75' lang='lat' dir='ltr'><strong>not.</strong></span> <span class='ocrx_word' id='word_1_112' title='bbox 586 1304 649 1375; x_wconf 74' lang='lat' dir='ltr'><strong>aas</strong></span> <span class='ocrx_word' id='word_1_113' title='bbox 672 1304 703 1375; x_wconf 80' lang='lat' dir='ltr'><strong>it</strong></span> <span class='ocrx_word' id='word_1_114' title='bbox 723 1324 796 1397; x_wconf 69' lang='lat' dir='ltr'><strong>aaut</strong></span> <span class='ocrx_word' id='word_1_115' title='bbox 818 1300 928 1394; x_wconf 70' lang='lat' dir='ltr'><strong>tetffet</strong></span> <span class='ocrx_word' id='word_1_116' title='bbox 950 1303 1054 1396; x_wconf 73' lang='lat' dir='ltr'><strong>fatet,</strong></span> <span class='ocrx_word' id='word_1_117' title='bbox 1081 1307 1143 1377; x_wconf 74' lang='lat' dir='ltr'><strong>aas</strong></span> <span class='ocrx_word' id='word_1_118' title='bbox 1297 1316 1370 1389; x_wconf 74' lang='lat' dir='ltr'><strong>cr</strong></span> <span class='ocrx_word' id='word_1_119' title='bbox 1405 1316 1501 1389; x_wconf 71' lang='lat' dir='ltr'><strong>civis</strong></span> <span class='ocrx_word' id='word_1_120' title='bbox 1522 1315 1561 1387; x_wconf 77' lang='lat' dir='ltr'><strong>in</strong></span> <span class='ocrx_word' id='word_1_121' title='bbox 1584 1320 1720 1411; x_wconf 82' lang='lat' dir='ltr'><strong>oppido</strong></span> <span class='ocrx_word' id='word_1_122' title='bbox 1734 1318 1835 1410; x_wconf 73' lang='lat' dir='ltr'><strong>uurg</strong></span> <span class='ocrx_word' id='word_1_123' title='bbox 1855 1321 1990 1390; x_wconf 79' lang='lat' dir='ltr'><strong>faciens</strong></span> <span class='ocrx_word' id='word_1_124' title='bbox 2011 1320 2079 1389; x_wconf 71' lang='lat' dir='ltr'><strong>ner</strong></span> <span class='ocrx_word' id='word_1_125' title='bbox 2102 1319 2191 1388; x_wconf 77' lang='lat' dir='ltr'><strong>inu.</strong></span> 
     </span>
     <span class='ocr_line' id='line_1_11' title="bbox 145 1403 2192 1515; baseline 0 -25"><span class='ocrx_word' id='word_1_126' title='bbox 145 1409 264 1501; x_wconf 59' lang='lat' dir='ltr'><strong>millen</strong></span> <span class='ocrx_word' id='word_1_127' title='bbox 286 1407 350 1479; x_wconf 63' lang='lat' dir='ltr'><strong>wit</strong></span> <span class='ocrx_word' id='word_1_128' title='bbox 374 1403 471 1497; x_wconf 52' lang='lat' dir='ltr'><strong>Uilli·</strong></span> <span class='ocrx_word' id='word_1_129' title='bbox 1195 1420 1249 1489; x_wconf 91' lang='lat' dir='ltr'><strong>dit</strong></span> <span class='ocrx_word' id='word_1_130' title='bbox 1272 1420 1310 1489; x_wconf 95' lang='lat' dir='ltr'><strong>in</strong></span> <span class='ocrx_word' id='word_1_131' title='bbox 1339 1435 1411 1490; x_wconf 90' lang='lat' dir='ltr'><strong>tres</strong></span> <span class='ocrx_word' id='word_1_132' title='bbox 1434 1421 1583 1515; x_wconf 86' lang='lat' dir='ltr'><strong>equites.</strong></span> <span class='ocrx_word' id='word_1_133' title='bbox 1646 1421 1694 1489; x_wconf 85' lang='lat' dir='ltr'><strong>lli</strong></span> <span class='ocrx_word' id='word_1_134' title='bbox 1716 1446 1796 1491; x_wconf 89' lang='lat' dir='ltr'><strong>cum</strong></span> <span class='ocrx_word' id='word_1_135' title='bbox 1821 1436 1938 1492; x_wconf 90' lang='lat' dir='ltr'><strong>essent</strong></span> <span class='ocrx_word' id='word_1_136' title='bbox 1959 1422 2049 1506; x_wconf 91' lang='lat' dir='ltr'><strong>soli,</strong></span> <span class='ocrx_word' id='word_1_137' title='bbox 2086 1422 2192 1491; x_wconf 90' lang='lat' dir='ltr'><strong>illum</strong></span> 
     </span>
    </p>

    <p class='ocr_par' dir='ltr' id='par_1_7' title="bbox 143 1518 2194 2236">
     <span class='ocr_line' id='line_1_12' title="bbox 249 1518 2191 1619; baseline -0.001 -24"><span class='ocrx_word' id='word_1_138' title='bbox 249 1521 337 1595; x_wconf 83' lang='lat' dir='ltr'><strong>cvl.</strong></span> <span class='ocrx_word' id='word_1_139' title='bbox 373 1523 457 1594; x_wconf 86' lang='lat' dir='ltr'><strong>Dux</strong></span> <span class='ocrx_word' id='word_1_140' title='bbox 475 1518 822 1613; x_wconf 88' lang='lat' dir='ltr'><strong>Mechelburgensis,</strong></span> <span class='ocrx_word' id='word_1_141' title='bbox 849 1525 912 1619; x_wconf 94' lang='lat' dir='ltr'><strong>qui</strong></span> <span class='ocrx_word' id='word_1_142' title='bbox 934 1524 1008 1593; x_wconf 91' lang='lat' dir='ltr'><strong>iam</strong></span> <span class='ocrx_word' id='word_1_143' title='bbox 1033 1523 1144 1617; x_wconf 88' lang='lat' dir='ltr'><strong>capti·</strong></span> <span class='ocrx_word' id='word_1_144' title='bbox 1196 1524 1310 1592; x_wconf 92' lang='lat' dir='ltr'><strong>civem</strong></span> <span class='ocrx_word' id='word_1_145' title='bbox 1343 1523 1500 1615; x_wconf 86' lang='lat' dir='ltr'><strong>peditem</strong></span> <span class='ocrx_word' id='word_1_146' title='bbox 1530 1522 1655 1593; x_wconf 92' lang='lat' dir='ltr'><strong>iaculis</strong></span> <span class='ocrx_word' id='word_1_147' title='bbox 1684 1547 1746 1594; x_wconf 92' lang='lat' dir='ltr'><strong>seu</strong></span> <span class='ocrx_word' id='word_1_148' title='bbox 1769 1524 1883 1616; x_wconf 80' lang='lat' dir='ltr'><strong>globis</strong></span> <span class='ocrx_word' id='word_1_149' title='bbox 1906 1525 2191 1595; x_wconf 78' lang='lat' dir='ltr'><strong>bombardorum</strong></span> 
     </span>
     <span class='ocr_line' id='line_1_13' title="bbox 143 1623 2193 1719; baseline -0.001 -21"><span class='ocrx_word' id='word_1_150' title='bbox 143 1651 210 1698; x_wconf 84' lang='lat' dir='ltr'><strong>vus</strong></span> <span class='ocrx_word' id='word_1_151' title='bbox 232 1628 422 1697; x_wconf 87' lang='lat' dir='ltr'><strong>tenebatur</strong></span> <span class='ocrx_word' id='word_1_152' title='bbox 445 1651 465 1694; x_wconf 92' lang='lat' dir='ltr'><strong>a</strong></span> <span class='ocrx_word' id='word_1_153' title='bbox 488 1625 878 1716; x_wconf 86' lang='lat' dir='ltr'><strong>Magdeburgensibus,</strong></span> <span class='ocrx_word' id='word_1_154' title='bbox 917 1627 1028 1719; x_wconf 93' lang='lat' dir='ltr'><strong>paulo</strong></span> <span class='ocrx_word' id='word_1_155' title='bbox 1060 1638 1143 1696; x_wconf 89' lang='lat' dir='ltr'><strong>ante</strong></span> <span class='ocrx_word' id='word_1_156' title='bbox 1195 1639 1340 1717; x_wconf 90' lang='lat' dir='ltr'><strong>petunt;</strong></span> <span class='ocrx_word' id='word_1_157' title='bbox 1366 1627 1428 1695; x_wconf 87' lang='lat' dir='ltr'><strong>sed</strong></span> <span class='ocrx_word' id='word_1_158' title='bbox 1451 1626 1622 1696; x_wconf 72' lang='lat' dir='ltr'><strong>aberrant</strong></span> <span class='ocrx_word' id='word_1_159' title='bbox 1645 1627 1761 1695; x_wconf 90' lang='lat' dir='ltr'><strong>abeo.</strong></span> <span class='ocrx_word' id='word_1_160' title='bbox 1809 1623 1888 1718; x_wconf 93' lang='lat' dir='ltr'><strong>lpse</strong></span> <span class='ocrx_word' id='word_1_161' title='bbox 1912 1641 2058 1718; x_wconf 91' lang='lat' dir='ltr'><strong>paratus</strong></span> <span class='ocrx_word' id='word_1_162' title='bbox 2080 1639 2132 1696; x_wconf 86' lang='lat' dir='ltr'><strong>est</strong></span> <span class='ocrx_word' id='word_1_163' title='bbox 2156 1639 2193 1696; x_wconf 88' lang='lat' dir='ltr'><strong>et</strong></span> 
     </span>
     <span class='ocr_line' id='line_1_14' title="bbox 143 1725 2193 1824; baseline -0.001 -23"><span class='ocrx_word' id='word_1_164' title='bbox 143 1729 387 1822; x_wconf 88' lang='lat' dir='ltr'><strong>captivitatem</strong></span> <span class='ocrx_word' id='word_1_165' title='bbox 407 1729 446 1797; x_wconf 93' lang='lat' dir='ltr'><strong>in</strong></span> <span class='ocrx_word' id='word_1_166' title='bbox 463 1730 623 1820; x_wconf 90' lang='lat' dir='ltr'><strong>quodam</strong></span> <span class='ocrx_word' id='word_1_167' title='bbox 637 1728 804 1797; x_wconf 82' lang='lat' dir='ltr'><strong>convivio</strong></span> <span class='ocrx_word' id='word_1_168' title='bbox 819 1728 922 1799; x_wconf 89' lang='lat' dir='ltr'><strong>iussit</strong></span> <span class='ocrx_word' id='word_1_169' title='bbox 935 1725 1143 1821; x_wconf 87' lang='lat' dir='ltr'><strong>chirurgum</strong></span> <span class='ocrx_word' id='word_1_170' title='bbox 1195 1729 1315 1818; x_wconf 87' lang='lat' dir='ltr'><strong>statim</strong></span> <span class='ocrx_word' id='word_1_171' title='bbox 1337 1729 1484 1820; x_wconf 88' lang='lat' dir='ltr'><strong>globum</strong></span> <span class='ocrx_word' id='word_1_172' title='bbox 1501 1729 1539 1797; x_wconf 88' lang='lat' dir='ltr'><strong>in</strong></span> <span class='ocrx_word' id='word_1_173' title='bbox 1554 1753 1667 1799; x_wconf 91' lang='lat' dir='ltr'><strong>unum</strong></span> <span class='ocrx_word' id='word_1_174' title='bbox 1683 1728 1813 1797; x_wconf 91' lang='lat' dir='ltr'><strong>emittit</strong></span> <span class='ocrx_word' id='word_1_175' title='bbox 1837 1752 1992 1824; x_wconf 91' lang='lat' dir='ltr'><strong>eumque</strong></span> <span class='ocrx_word' id='word_1_176' title='bbox 2012 1728 2193 1799; x_wconf 84' lang='lat' dir='ltr'><strong>interficit.</strong></span> 
     </span>
     <span class='ocr_line' id='line_1_15' title="bbox 143 1830 2194 1925; baseline 0 -24"><span class='ocrx_word' id='word_1_177' title='bbox 143 1831 293 1924; x_wconf 86' lang='lat' dir='ltr'><strong>singulis</strong></span> <span class='ocrx_word' id='word_1_178' title='bbox 315 1831 497 1901; x_wconf 91' lang='lat' dir='ltr'><strong>nobilibus</strong></span> <span class='ocrx_word' id='word_1_179' title='bbox 514 1853 645 1899; x_wconf 89' lang='lat' dir='ltr'><strong>venam</strong></span> <span class='ocrx_word' id='word_1_180' title='bbox 670 1830 851 1914; x_wconf 88' lang='lat' dir='ltr'><strong>incidere,</strong></span> <span class='ocrx_word' id='word_1_181' title='bbox 885 1836 975 1907; x_wconf 78' lang='lat' dir='ltr'><strong>tuttb</strong></span> <span class='ocrx_word' id='word_1_182' title='bbox 996 1834 1057 1925; x_wconf 70' lang='lat' dir='ltr'><strong>bot</strong></span> <span class='ocrx_word' id='word_1_183' title='bbox 1081 1836 1144 1907; x_wconf 71' lang='lat' dir='ltr'><strong>bod</strong></span> <span class='ocrx_word' id='word_1_184' title='bbox 1195 1830 1265 1901; x_wconf 89' lang='lat' dir='ltr'><strong>Sed</strong></span> <span class='ocrx_word' id='word_1_185' title='bbox 1281 1856 1361 1902; x_wconf 90' lang='lat' dir='ltr'><strong>cum</strong></span> <span class='ocrx_word' id='word_1_186' title='bbox 1381 1833 1538 1901; x_wconf 89' lang='lat' dir='ltr'><strong>latrones</strong></span> <span class='ocrx_word' id='word_1_187' title='bbox 1552 1830 1706 1924; x_wconf 88' lang='lat' dir='ltr'><strong>amplius</strong></span> <span class='ocrx_word' id='word_1_188' title='bbox 1722 1830 1923 1901; x_wconf 90' lang='lat' dir='ltr'><strong>bombarda</strong></span> <span class='ocrx_word' id='word_1_189' title='bbox 1939 1831 1993 1902; x_wconf 91' lang='lat' dir='ltr'><strong>uti</strong></span> <span class='ocrx_word' id='word_1_190' title='bbox 2014 1855 2090 1901; x_wconf 91' lang='lat' dir='ltr'><strong>non</strong></span> <span class='ocrx_word' id='word_1_191' title='bbox 2110 1855 2194 1925; x_wconf 91' lang='lat' dir='ltr'><strong>pos·</strong></span> 
     </span>
     <span class='ocr_line' id='line_1_16' title="bbox 143 1927 2193 2028; baseline -0.004 -15"><span class='ocrx_word' id='word_1_192' title='bbox 143 1935 273 2013; x_wconf 71' lang='lat' dir='ltr'><strong>blutiu</strong></span> <span class='ocrx_word' id='word_1_193' title='bbox 300 1934 407 2028; x_wconf 68' lang='lat' dir='ltr'><strong>bedec</strong></span> <span class='ocrx_word' id='word_1_194' title='bbox 422 1927 536 2028; x_wconf 67' lang='lat' dir='ltr'><strong>glafira</strong></span> <span class='ocrx_word' id='word_1_195' title='bbox 559 1933 678 2027; x_wconf 65' lang='lat' dir='ltr'><strong>loten,</strong></span> <span class='ocrx_word' id='word_1_196' title='bbox 704 1938 769 2009; x_wconf 79' lang='lat' dir='ltr'><strong>sub</strong></span> <span class='ocrx_word' id='word_1_197' title='bbox 794 1933 922 2025; x_wconf 69' lang='lat' dir='ltr'><strong>babent</strong></span> <span class='ocrx_word' id='word_1_198' title='bbox 944 1933 1013 2024; x_wconf 71' lang='lat' dir='ltr'><strong>otto</strong></span> <span class='ocrx_word' id='word_1_199' title='bbox 1036 1955 1144 2010; x_wconf 76' lang='lat' dir='ltr'><strong>morer</strong></span> <span class='ocrx_word' id='word_1_200' title='bbox 1194 1948 1293 2018; x_wconf 81' lang='lat' dir='ltr'><strong>sent,</strong></span> <span class='ocrx_word' id='word_1_201' title='bbox 1325 1933 1457 2005; x_wconf 81' lang='lat' dir='ltr'><strong>strictis</strong></span> <span class='ocrx_word' id='word_1_202' title='bbox 1479 1934 1605 2024; x_wconf 78' lang='lat' dir='ltr'><strong>gladiis</strong></span> <span class='ocrx_word' id='word_1_203' title='bbox 1628 1936 1674 2003; x_wconf 86' lang='lat' dir='ltr'><strong>ad</strong></span> <span class='ocrx_word' id='word_1_204' title='bbox 1696 1958 1778 2003; x_wconf 87' lang='lat' dir='ltr'><strong>eum</strong></span> <span class='ocrx_word' id='word_1_205' title='bbox 1803 1947 2014 2019; x_wconf 81' lang='lat' dir='ltr'><strong>accurrunt,</strong></span> <span class='ocrx_word' id='word_1_206' title='bbox 2048 1935 2110 2005; x_wconf 83' lang='lat' dir='ltr'><strong>sed</strong></span> <span class='ocrx_word' id='word_1_207' title='bbox 2132 1933 2193 2004; x_wconf 88' lang='lat' dir='ltr'><strong>ille</strong></span> 
     </span>
     <span class='ocr_line' id='line_1_17' title="bbox 145 2031 2194 2132; baseline -0.004 -17"><span class='ocrx_word' id='word_1_208' title='bbox 145 2061 192 2115; x_wconf 74' lang='lat' dir='ltr'><strong>att</strong></span> <span class='ocrx_word' id='word_1_209' title='bbox 216 2039 372 2111; x_wconf 77' lang='lat' dir='ltr'><strong>tinoubct</strong></span> <span class='ocrx_word' id='word_1_210' title='bbox 394 2031 594 2132; x_wconf 65' lang='lat' dir='ltr'><strong>gugtloflttt,</strong></span> <span class='ocrx_word' id='word_1_211' title='bbox 635 2038 698 2110; x_wconf 76' lang='lat' dir='ltr'><strong>mit</strong></span> <span class='ocrx_word' id='word_1_212' title='bbox 719 2058 800 2111; x_wconf 80' lang='lat' dir='ltr'><strong>mou</strong></span> <span class='ocrx_word' id='word_1_213' title='bbox 832 2035 920 2127; x_wconf 73' lang='lat' dir='ltr'><strong>ltlbll</strong></span> <span class='ocrx_word' id='word_1_214' title='bbox 951 2041 1036 2113; x_wconf 70' lang='lat' dir='ltr'><strong>turin</strong></span> <span class='ocrx_word' id='word_1_215' title='bbox 1068 2042 1144 2113; x_wconf 81' lang='lat' dir='ltr'><strong>obet</strong></span> <span class='ocrx_word' id='word_1_216' title='bbox 1196 2037 1432 2130; x_wconf 85' lang='lat' dir='ltr'><strong>praeveniens</strong></span> <span class='ocrx_word' id='word_1_217' title='bbox 1459 2039 1608 2107; x_wconf 90' lang='lat' dir='ltr'><strong>alteram</strong></span> <span class='ocrx_word' id='word_1_218' title='bbox 1630 2037 1870 2107; x_wconf 91' lang='lat' dir='ltr'><strong>bombardam</strong></span> <span class='ocrx_word' id='word_1_219' title='bbox 1893 2038 2049 2129; x_wconf 89' lang='lat' dir='ltr'><strong>promit,</strong></span> <span class='ocrx_word' id='word_1_220' title='bbox 2082 2050 2117 2107; x_wconf 91' lang='lat' dir='ltr'><strong>et</strong></span> <span class='ocrx_word' id='word_1_221' title='bbox 2139 2059 2194 2107; x_wconf 87' lang='lat' dir='ltr'><strong>se-</strong></span> 
     </span>
     <span class='ocr_line' id='line_1_18' title="bbox 143 2135 2193 2236; baseline -0.005 -18"><span class='ocrx_word' id='word_1_222' title='bbox 143 2143 215 2218; x_wconf 76' lang='lat' dir='ltr'><strong>ties</strong></span> <span class='ocrx_word' id='word_1_223' title='bbox 231 2138 336 2235; x_wconf 63' lang='lat' dir='ltr'><strong>mtdpt</strong></span> <span class='ocrx_word' id='word_1_224' title='bbox 351 2161 396 2214; x_wconf 82' lang='lat' dir='ltr'><strong>ou</strong></span> <span class='ocrx_word' id='word_1_225' title='bbox 411 2142 567 2214; x_wconf 72' lang='lat' dir='ltr'><strong>sinuabat</strong></span> <span class='ocrx_word' id='word_1_226' title='bbox 581 2135 769 2232; x_wconf 59' lang='lat' dir='ltr'><strong>gulosum,</strong></span> <span class='ocrx_word' id='word_1_227' title='bbox 794 2139 929 2236; x_wconf 67' lang='lat' dir='ltr'><strong>beldet</strong></span> <span class='ocrx_word' id='word_1_228' title='bbox 949 2142 1068 2235; x_wconf 68' lang='lat' dir='ltr'><strong>estber</strong></span> <span class='ocrx_word' id='word_1_229' title='bbox 1083 2145 1143 2217; x_wconf 82' lang='lat' dir='ltr'><strong>beu</strong></span> <span class='ocrx_word' id='word_1_230' title='bbox 1196 2143 1354 2211; x_wconf 87' lang='lat' dir='ltr'><strong>cundum</strong></span> <span class='ocrx_word' id='word_1_231' title='bbox 1378 2139 1487 2232; x_wconf 80' lang='lat' dir='ltr'><strong>globo</strong></span> <span class='ocrx_word' id='word_1_232' title='bbox 1511 2140 1620 2209; x_wconf 81' lang='lat' dir='ltr'><strong>etiam</strong></span> <span class='ocrx_word' id='word_1_233' title='bbox 1645 2140 1830 2220; x_wconf 80' lang='lat' dir='ltr'><strong>interficit:</strong></span> <span class='ocrx_word' id='word_1_234' title='bbox 1867 2139 1993 2224; x_wconf 81' lang='lat' dir='ltr'><strong>tertio,</strong></span> <span class='ocrx_word' id='word_1_235' title='bbox 2029 2140 2091 2234; x_wconf 92' lang='lat' dir='ltr'><strong>qui</strong></span> <span class='ocrx_word' id='word_1_236' title='bbox 2113 2153 2193 2209; x_wconf 81' lang='lat' dir='ltr'><strong>tan-</strong></span> 
     </span>
    </p>
   </div>
   <div class='ocr_carea' id='block_1_7' title="bbox 144 2237 2194 2440">
    <p class='ocr_par' dir='ltr' id='par_1_8' title="bbox 144 2237 2194 2440">
     <span class='ocr_line' id='line_1_19' title="bbox 144 2237 2194 2338; baseline -0.004 -18"><span class='ocrx_word' id='word_1_237' title='bbox 144 2239 309 2337; x_wconf 58' lang='lat' dir='ltr'><strong>btttldttt</strong></span> <span class='ocrx_word' id='word_1_238' title='bbox 323 2237 414 2337; x_wconf 55' lang='lat' dir='ltr'><strong>gont</strong></span> <span class='ocrx_word' id='word_1_239' title='bbox 430 2241 644 2337; x_wconf 61' lang='lat' dir='ltr'><strong>gcbtetldflid)</strong></span> <span class='ocrx_word' id='word_1_240' title='bbox 659 2240 718 2331; x_wconf 77' lang='lat' dir='ltr'><strong>ist,</strong></span> <span class='ocrx_word' id='word_1_241' title='bbox 745 2241 778 2332; x_wconf 77' lang='grc' dir='ltr'><strong>Ῐο</strong></span> <span class='ocrx_word' id='word_1_242' title='bbox 801 2243 908 2336; x_wconf 66' lang='lat' dir='ltr'><strong>bobert</strong></span> <span class='ocrx_word' id='word_1_243' title='bbox 926 2243 967 2335; x_wconf 73' lang='grc' dir='ltr'><strong>ᾓι</strong></span> <span class='ocrx_word' id='word_1_244' title='bbox 985 2249 1047 2320; x_wconf 78' lang='lat' dir='ltr'><strong>bos</strong></span> <span class='ocrx_word' id='word_1_245' title='bbox 1072 2246 1144 2319; x_wconf 81' lang='lat' dir='ltr'><strong>bttt</strong></span> <span class='ocrx_word' id='word_1_246' title='bbox 1195 2257 1271 2314; x_wconf 92' lang='lat' dir='ltr'><strong>tum</strong></span> <span class='ocrx_word' id='word_1_247' title='bbox 1291 2253 1498 2338; x_wconf 66' lang='lat' dir='ltr'><strong>supererat,</strong></span> <span class='ocrx_word' id='word_1_248' title='bbox 1524 2242 1682 2335; x_wconf 86' lang='lat' dir='ltr'><strong>gladium</strong></span> <span class='ocrx_word' id='word_1_249' title='bbox 1700 2241 1818 2333; x_wconf 90' lang='lat' dir='ltr'><strong>eripit.</strong></span> <span class='ocrx_word' id='word_1_250' title='bbox 1867 2241 2052 2313; x_wconf 82' lang='lat' dir='ltr'><strong>Excellens</strong></span> <span class='ocrx_word' id='word_1_251' title='bbox 2067 2256 2104 2313; x_wconf 89' lang='lat' dir='ltr'><strong>et</strong></span> <span class='ocrx_word' id='word_1_252' title='bbox 2118 2265 2194 2312; x_wconf 90' lang='lat' dir='ltr'><strong>me-</strong></span> 
     </span>
     <span class='ocr_line' id='line_1_20' title="bbox 146 2340 2193 2440; baseline -0.004 -16"><span class='ocrx_word' id='word_1_253' title='bbox 146 2369 192 2424; x_wconf 79' lang='lat' dir='ltr'><strong>oa</strong></span> <span class='ocrx_word' id='word_1_254' title='bbox 226 2349 382 2421; x_wconf 76' lang='lat' dir='ltr'><strong>elnonbtt</strong></span> <span class='ocrx_word' id='word_1_255' title='bbox 410 2344 652 2440; x_wconf 64' lang='lat' dir='ltr'><strong>gugttttttttlctt.</strong></span> <span class='ocrx_word' id='word_1_256' title='bbox 726 2345 820 2414; x_wconf 86' lang='lat' dir='ltr'><strong>Huic</strong></span> <span class='ocrx_word' id='word_1_257' title='bbox 857 2348 951 2415; x_wconf 87' lang='lat' dir='ltr'><strong>facto</strong></span> <span class='ocrx_word' id='word_1_258' title='bbox 982 2347 1145 2418; x_wconf 86' lang='lat' dir='ltr'><strong>interfuit</strong></span> <span class='ocrx_word' id='word_1_259' title='bbox 1196 2345 1382 2415; x_wconf 90' lang='lat' dir='ltr'><strong>morabilis</strong></span> <span class='ocrx_word' id='word_1_260' title='bbox 1395 2343 1510 2414; x_wconf 83' lang='lat' dir='ltr'><strong>virtus</strong></span> <span class='ocrx_word' id='word_1_261' title='bbox 1525 2344 1564 2411; x_wconf 91' lang='lat' dir='ltr'><strong>in</strong></span> <span class='ocrx_word' id='word_1_262' title='bbox 1578 2340 1647 2413; x_wconf 90' lang='lat' dir='ltr'><strong>hoc</strong></span> <span class='ocrx_word' id='word_1_263' title='bbox 1662 2343 1741 2414; x_wconf 90' lang='lat' dir='ltr'><strong>viro</strong></span> <span class='ocrx_word' id='word_1_264' title='bbox 1759 2344 1847 2427; x_wconf 86' lang='lat' dir='ltr'><strong>luit,</strong></span> <span class='ocrx_word' id='word_1_265' title='bbox 1873 2357 1908 2413; x_wconf 89' lang='lat' dir='ltr'><strong>et</strong></span> <span class='ocrx_word' id='word_1_266' title='bbox 1932 2358 2083 2437; x_wconf 88' lang='lat' dir='ltr'><strong>apparet</strong></span> <span class='ocrx_word' id='word_1_267' title='bbox 2109 2369 2193 2415; x_wconf 87' lang='lat' dir='ltr'><strong>eum</strong></span> 
     </span>
    </p>
   </div>
   <div class='ocr_carea' id='block_1_8' title="bbox 146 2445 1024 2540">
    <p class='ocr_par' dir='ltr' id='par_1_9' title="bbox 146 2445 1024 2540">
     <span class='ocr_line' id='line_1_21' title="bbox 146 2445 1024 2540; baseline -0.003 -18"><span class='ocrx_word' id='word_1_268' title='bbox 146 2449 324 2540; x_wconf 85' lang='lat' dir='ltr'><strong>Georgius</strong></span> <span class='ocrx_word' id='word_1_269' title='bbox 339 2445 526 2529; x_wconf 84' lang='lat' dir='ltr'><strong>Lechner,</strong></span> <span class='ocrx_word' id='word_1_270' title='bbox 551 2448 615 2539; x_wconf 87' lang='lat' dir='ltr'><strong>qui</strong></span> <span class='ocrx_word' id='word_1_271' title='bbox 631 2471 713 2516; x_wconf 91' lang='lat' dir='ltr'><strong>cum</strong></span> <span class='ocrx_word' id='word_1_272' title='bbox 733 2448 911 2517; x_wconf 87' lang='lat' dir='ltr'><strong>testudine</strong></span> <span class='ocrx_word' id='word_1_273' title='bbox 927 2448 1024 2519; x_wconf 87' lang='lat' dir='ltr'><strong>lusit.</strong></span> 
     </span>
    </p>
   </div>
   <div class='ocr_carea' id='block_1_9' title="bbox 143 2564 1146 3684">
    <p class='ocr_par' dir='ltr' id='par_1_10' title="bbox 143 2564 1146 3684">
     <span class='ocr_line' id='line_1_22' title="bbox 228 2564 1144 2658; baseline -0.002 -21"><span class='ocrx_word' id='word_1_274' title='bbox 228 2617 232 2624; x_wconf 88' lang='lat'>-</span> <span class='ocrx_word' id='word_1_275' title='bbox 250 2564 355 2638; x_wconf 84' lang='lat' dir='ltr'><strong>CVII.</strong></span> <span class='ocrx_word' id='word_1_276' title='bbox 390 2564 431 2635; x_wconf 94' lang='lat' dir='ltr'><strong>ln</strong></span> <span class='ocrx_word' id='word_1_277' title='bbox 457 2564 592 2657; x_wconf 88' lang='lat' dir='ltr'><strong>oppido</strong></span> <span class='ocrx_word' id='word_1_278' title='bbox 608 2564 760 2658; x_wconf 87' lang='lat' dir='ltr'><strong>Friberg</strong></span> <span class='ocrx_word' id='word_1_279' title='bbox 776 2578 881 2657; x_wconf 88' lang='lat' dir='ltr'><strong>pater</strong></span> <span class='ocrx_word' id='word_1_280' title='bbox 903 2566 1006 2637; x_wconf 90' lang='lat' dir='ltr'><strong>iussit</strong></span> <span class='ocrx_word' id='word_1_281' title='bbox 1029 2567 1144 2637; x_wconf 85' lang='lat' dir='ltr'><strong>filium</strong></span> 
     </span>
     <span class='ocr_line' id='line_1_23' title="bbox 145 2650 1145 2764; baseline 0.001 -26"><span class='ocrx_word' id='word_1_282' title='bbox 145 2650 200 2740; x_wconf 86' lang='lat' dir='ltr'><strong>iie</strong></span> <span class='ocrx_word' id='word_1_283' title='bbox 214 2669 253 2738; x_wconf 94' lang='lat' dir='ltr'><strong>in</strong></span> <span class='ocrx_word' id='word_1_284' title='bbox 273 2669 429 2764; x_wconf 86' lang='lat' dir='ltr'><strong>aliquem</strong></span> <span class='ocrx_word' id='word_1_285' title='bbox 449 2669 589 2752; x_wconf 89' lang='lat' dir='ltr'><strong>locum,</strong></span> <span class='ocrx_word' id='word_1_286' title='bbox 613 2667 653 2737; x_wconf 93' lang='lat' dir='ltr'><strong>in</strong></span> <span class='ocrx_word' id='word_1_287' title='bbox 675 2694 748 2763; x_wconf 94' lang='lat' dir='ltr'><strong>quo</strong></span> <span class='ocrx_word' id='word_1_288' title='bbox 767 2664 936 2754; x_wconf 90' lang='lat' dir='ltr'><strong>haberet,</strong></span> <span class='ocrx_word' id='word_1_289' title='bbox 969 2694 1061 2763; x_wconf 90' lang='lat' dir='ltr'><strong>quae</strong></span> <span class='ocrx_word' id='word_1_290' title='bbox 1082 2693 1145 2762; x_wconf 67' lang='lat' dir='ltr'><strong>ep·</strong></span> 
     </span>
     <span class='ocr_line' id='line_1_24' title="bbox 143 2769 1144 2868; baseline -0.002 -25"><span class='ocrx_word' id='word_1_291' title='bbox 143 2772 299 2868; x_wconf 87' lang='lat' dir='ltr'><strong>pediret.</strong></span> <span class='ocrx_word' id='word_1_292' title='bbox 365 2769 427 2841; x_wconf 92' lang='lat' dir='ltr'><strong>llle</strong></span> <span class='ocrx_word' id='word_1_293' title='bbox 458 2782 644 2841; x_wconf 90' lang='lat' dir='ltr'><strong>cunctatus</strong></span> <span class='ocrx_word' id='word_1_294' title='bbox 673 2785 726 2841; x_wconf 90' lang='lat' dir='ltr'><strong>est</strong></span> <span class='ocrx_word' id='word_1_295' title='bbox 747 2784 783 2840; x_wconf 87' lang='lat' dir='ltr'><strong>et</strong></span> <span class='ocrx_word' id='word_1_296' title='bbox 805 2772 940 2842; x_wconf 90' lang='lat' dir='ltr'><strong>diutius</strong></span> <span class='ocrx_word' id='word_1_297' title='bbox 964 2785 1144 2852; x_wconf 90' lang='lat' dir='ltr'><strong>moratus;</strong></span> 
     </span>
     <span class='ocr_line' id='line_1_25' title="bbox 144 2873 1145 2970; baseline -0.001 -27"><span class='ocrx_word' id='word_1_298' title='bbox 144 2881 251 2970; x_wconf 85' lang='lat' dir='ltr'><strong>pater</strong></span> <span class='ocrx_word' id='word_1_299' title='bbox 265 2874 422 2947; x_wconf 86' lang='lat' dir='ltr'><strong>offensus</strong></span> <span class='ocrx_word' id='word_1_300' title='bbox 436 2898 562 2957; x_wconf 90' lang='lat' dir='ltr'><strong>mora,</strong></span> <span class='ocrx_word' id='word_1_301' title='bbox 588 2874 707 2966; x_wconf 89' lang='lat' dir='ltr'><strong>coepit</strong></span> <span class='ocrx_word' id='word_1_302' title='bbox 727 2873 970 2958; x_wconf 89' lang='lat' dir='ltr'><strong>commoveri,</strong></span> <span class='ocrx_word' id='word_1_303' title='bbox 996 2887 1032 2945; x_wconf 90' lang='lat' dir='ltr'><strong>et</strong></span> <span class='ocrx_word' id='word_1_304' title='bbox 1055 2875 1145 2946; x_wconf 85' lang='lat' dir='ltr'><strong>dixit</strong></span> 
     </span>
     <span class='ocr_line' id='line_1_26' title="bbox 146 2974 1144 3067; baseline -0.001 -20"><span class='ocrx_word' id='word_1_305' title='bbox 146 2979 195 3047; x_wconf 89' lang='lat' dir='ltr'><strong>ad</strong></span> <span class='ocrx_word' id='word_1_306' title='bbox 216 2978 349 3047; x_wconf 85' lang='lat' dir='ltr'><strong>filium:</strong></span> <span class='ocrx_word' id='word_1_307' title='bbox 384 2977 463 3048; x_wconf 89' lang='lat' dir='ltr'><strong>Stes</strong></span> <span class='ocrx_word' id='word_1_308' title='bbox 486 2989 661 3067; x_wconf 91' lang='lat' dir='ltr'><strong>perpetuo</strong></span> <span class='ocrx_word' id='word_1_309' title='bbox 683 2977 722 3044; x_wconf 94' lang='lat' dir='ltr'><strong>in</strong></span> <span class='ocrx_word' id='word_1_310' title='bbox 748 2979 848 3046; x_wconf 89' lang='lat' dir='ltr'><strong>omni</strong></span> <span class='ocrx_word' id='word_1_311' title='bbox 872 2975 945 3046; x_wconf 88' lang='lat' dir='ltr'><strong>vita</strong></span> <span class='ocrx_word' id='word_1_312' title='bbox 965 2989 1040 3049; x_wconf 91' lang='lat' dir='ltr'><strong>tua.</strong></span> <span class='ocrx_word' id='word_1_313' title='bbox 1097 2974 1144 3046; x_wconf 85' lang='lat' dir='ltr'><strong>Et</strong></span> 
     </span>
     <span class='ocr_line' id='line_1_27' title="bbox 144 3078 1146 3174; baseline 0 -25"><span class='ocrx_word' id='word_1_314' title='bbox 144 3080 206 3149; x_wconf 88' lang='lat' dir='ltr'><strong>ille</strong></span> <span class='ocrx_word' id='word_1_315' title='bbox 224 3080 295 3148; x_wconf 91' lang='lat' dir='ltr'><strong>iam</strong></span> <span class='ocrx_word' id='word_1_316' title='bbox 312 3078 452 3174; x_wconf 87' lang='lat' dir='ltr'><strong>aliquot</strong></span> <span class='ocrx_word' id='word_1_317' title='bbox 468 3103 583 3148; x_wconf 90' lang='lat' dir='ltr'><strong>annos</strong></span> <span class='ocrx_word' id='word_1_318' title='bbox 598 3078 696 3148; x_wconf 87' lang='lat' dir='ltr'><strong>stetit</strong></span> <span class='ocrx_word' id='word_1_319' title='bbox 713 3078 764 3147; x_wconf 91' lang='lat' dir='ltr'><strong>ibi</strong></span> <span class='ocrx_word' id='word_1_320' title='bbox 780 3080 819 3148; x_wconf 90' lang='lat' dir='ltr'><strong>in</strong></span> <span class='ocrx_word' id='word_1_321' title='bbox 835 3081 962 3149; x_wconf 90' lang='lat' dir='ltr'><strong>eodem</strong></span> <span class='ocrx_word' id='word_1_322' title='bbox 980 3081 1083 3165; x_wconf 93' lang='lat' dir='ltr'><strong>loco,</strong></span> <span class='ocrx_word' id='word_1_323' title='bbox 1109 3092 1146 3150; x_wconf 91' lang='lat' dir='ltr'><strong>et</strong></span> 
     </span>
     <span class='ocr_line' id='line_1_28' title="bbox 145 3179 1145 3278; baseline -0.001 -25"><span class='ocrx_word' id='word_1_324' title='bbox 145 3206 213 3278; x_wconf 87' lang='lat' dir='ltr'><strong>per</strong></span> <span class='ocrx_word' id='word_1_325' title='bbox 237 3179 413 3277; x_wconf 85' lang='lat' dir='ltr'><strong>quosdam</strong></span> <span class='ocrx_word' id='word_1_326' title='bbox 436 3183 636 3266; x_wconf 87' lang='lat' dir='ltr'><strong>detractus,</strong></span> <span class='ocrx_word' id='word_1_327' title='bbox 668 3182 802 3253; x_wconf 90' lang='lat' dir='ltr'><strong>sedita</strong></span> <span class='ocrx_word' id='word_1_328' title='bbox 827 3184 1070 3268; x_wconf 85' lang='lat' dir='ltr'><strong>exanimatus,</strong></span> <span class='ocrx_word' id='word_1_329' title='bbox 1103 3195 1145 3253; x_wconf 90' lang='lat' dir='ltr'><strong>ut</strong></span> 
     </span>
     <span class='ocr_line' id='line_1_29' title="bbox 146 3284 1146 3381; baseline -0.002 -25"><span class='ocrx_word' id='word_1_330' title='bbox 146 3286 223 3373; x_wconf 82' lang='lat' dir='ltr'><strong>illi,</strong></span> <span class='ocrx_word' id='word_1_331' title='bbox 259 3284 323 3381; x_wconf 94' lang='lat' dir='ltr'><strong>qui</strong></span> <span class='ocrx_word' id='word_1_332' title='bbox 353 3297 604 3369; x_wconf 84' lang='lat' dir='ltr'><strong>extraxerunt,</strong></span> <span class='ocrx_word' id='word_1_333' title='bbox 647 3286 763 3355; x_wconf 90' lang='lat' dir='ltr'><strong>coacti</strong></span> <span class='ocrx_word' id='word_1_334' title='bbox 792 3298 877 3356; x_wconf 92' lang='lat' dir='ltr'><strong>sunt</strong></span> <span class='ocrx_word' id='word_1_335' title='bbox 903 3311 1079 3377; x_wconf 88' lang='lat' dir='ltr'><strong>reponere</strong></span> <span class='ocrx_word' id='word_1_336' title='bbox 1110 3297 1146 3355; x_wconf 90' lang='lat' dir='ltr'><strong>et</strong></span> 
     </span>
     <span class='ocr_line' id='line_1_30' title="bbox 147 3387 1145 3483; baseline -0.006 -21"><span class='ocrx_word' id='word_1_337' title='bbox 147 3403 416 3483; x_wconf 87' lang='lat' dir='ltr'><strong>supposuerunt</strong></span> <span class='ocrx_word' id='word_1_338' title='bbox 432 3389 466 3458; x_wconf 91' lang='lat' dir='ltr'><strong>ei</strong></span> <span class='ocrx_word' id='word_1_339' title='bbox 481 3387 683 3480; x_wconf 90' lang='lat' dir='ltr'><strong>pulpitum,</strong></span> <span class='ocrx_word' id='word_1_340' title='bbox 710 3399 746 3456; x_wconf 91' lang='lat' dir='ltr'><strong>et</strong></span> <span class='ocrx_word' id='word_1_341' title='bbox 766 3389 815 3456; x_wconf 88' lang='lat' dir='ltr'><strong>ita</strong></span> <span class='ocrx_word' id='word_1_342' title='bbox 835 3391 1053 3461; x_wconf 86' lang='lat' dir='ltr'><strong>contabescit</strong></span> <span class='ocrx_word' id='word_1_343' title='bbox 1077 3389 1145 3456; x_wconf 84' lang='lat' dir='ltr'><strong>rni-</strong></span> 
     </span>
     <span class='ocr_line' id='line_1_31' title="bbox 147 3484 1146 3585; baseline -0.005 -21"><span class='ocrx_word' id='word_1_344' title='bbox 147 3490 369 3575; x_wconf 86' lang='lat' dir='ltr'><strong>serabiliter,</strong></span> <span class='ocrx_word' id='word_1_345' title='bbox 410 3484 518 3585; x_wconf 77' lang='lat' dir='ltr'><strong>at&#39;que</strong></span> <span class='ocrx_word' id='word_1_346' title='bbox 547 3501 631 3581; x_wconf 92' lang='lat' dir='ltr'><strong>post</strong></span> <span class='ocrx_word' id='word_1_347' title='bbox 658 3489 735 3559; x_wconf 92' lang='lat' dir='ltr'><strong>dies</strong></span> <span class='ocrx_word' id='word_1_348' title='bbox 764 3488 872 3559; x_wconf 90' lang='lat' dir='ltr'><strong>etiam</strong></span> <span class='ocrx_word' id='word_1_349' title='bbox 898 3493 989 3562; x_wconf 92' lang='lat' dir='ltr'><strong>duos</strong></span> <span class='ocrx_word' id='word_1_350' title='bbox 1010 3491 1146 3584; x_wconf 91' lang='lat' dir='ltr'><strong>accepit</strong></span> 
     </span>
     <span class='ocr_line' id='line_1_32' title="bbox 146 3593 486 3684; baseline -0.015 -17"><span class='ocrx_word' id='word_1_351' title='bbox 146 3595 344 3667; x_wconf 89' lang='lat' dir='ltr'><strong>buccellam</strong></span> <span class='ocrx_word' id='word_1_352' title='bbox 369 3593 486 3684; x_wconf 90' lang='lat' dir='ltr'><strong>panis.</strong></span> 
     </span>
    </p>
   </div>
   <div class='ocr_carea' id='block_1_10' title="bbox 112 3706 1149 5273">
    <p class='ocr_par' dir='ltr' id='par_1_11' title="bbox 112 3706 1149 5273">
     <span class='ocr_line' id='line_1_33' title="bbox 134 3706 1146 3807; baseline -0.001 -24"><span class='ocrx_word' id='word_1_353' title='bbox 134 3743 141 3753; x_wconf 92' lang='lat'><strong>·</strong></span> <span class='ocrx_word' id='word_1_354' title='bbox 253 3709 377 3783; x_wconf 89' lang='lat' dir='ltr'><strong>CVlll.</strong></span> <span class='ocrx_word' id='word_1_355' title='bbox 421 3709 573 3782; x_wconf 90' lang='lat' dir='ltr'><strong>Carolus</strong></span> <span class='ocrx_word' id='word_1_356' title='bbox 601 3706 804 3801; x_wconf 85' lang='lat' dir='ltr'><strong>Imperator</strong></span> <span class='ocrx_word' id='word_1_357' title='bbox 833 3711 1030 3807; x_wconf 91' lang='lat' dir='ltr'><strong>aliquando</strong></span> <span class='ocrx_word' id='word_1_358' title='bbox 1060 3735 1146 3803; x_wconf 91' lang='lat' dir='ltr'><strong>pro·</strong></span> 
     </span>
     <span class='ocr_line' id='line_1_34' title="bbox 146 3812 1146 3889; baseline -0.004 0"><span class='ocrx_word' id='word_1_359' title='bbox 146 3819 262 3889; x_wconf 84' lang='lat' dir='ltr'><strong>tectus</strong></span> <span class='ocrx_word' id='word_1_360' title='bbox 280 3816 393 3887; x_wconf 87' lang='lat' dir='ltr'><strong>estad</strong></span> <span class='ocrx_word' id='word_1_361' title='bbox 412 3825 628 3884; x_wconf 90' lang='lat' dir='ltr'><strong>conventum</strong></span> <span class='ocrx_word' id='word_1_362' title='bbox 646 3812 946 3885; x_wconf 89' lang='lat' dir='ltr'><strong>Ratisbonensem</strong></span> <span class='ocrx_word' id='word_1_363' title='bbox 972 3828 1055 3885; x_wconf 88' lang='lat' dir='ltr'><strong>ante</strong></span> <span class='ocrx_word' id='word_1_364' title='bbox 1081 3839 1146 3885; x_wconf 89' lang='lat' dir='ltr'><strong>au·</strong></span> 
     </span>
     <span class='ocr_line' id='line_1_35' title="bbox 133 3915 1145 4012; baseline -0.004 -21"><span class='ocrx_word' id='word_1_365' title='bbox 133 3944 217 3991; x_wconf 62' lang='lat' dir='ltr'><strong>¹uus</strong></span> <span class='ocrx_word' id='word_1_366' title='bbox 237 3920 307 4011; x_wconf 69' lang='lat'><strong>28,</strong></span> <span class='ocrx_word' id='word_1_367' title='bbox 344 3917 408 4012; x_wconf 95' lang='lat' dir='ltr'><strong>qui</strong></span> <span class='ocrx_word' id='word_1_368' title='bbox 430 3917 499 3988; x_wconf 86' lang='lat' dir='ltr'><strong>fuit</strong></span> <span class='ocrx_word' id='word_1_369' title='bbox 522 3915 660 4008; x_wconf 90' lang='lat' dir='ltr'><strong>primus</strong></span> <span class='ocrx_word' id='word_1_370' title='bbox 683 3931 900 4002; x_wconf 87' lang='lat' dir='ltr'><strong>conventus,</strong></span> <span class='ocrx_word' id='word_1_371' title='bbox 934 3943 1043 4012; x_wconf 91' lang='lat' dir='ltr'><strong>quem</strong></span> <span class='ocrx_word' id='word_1_372' title='bbox 1069 3918 1145 4010; x_wconf 91' lang='lat' dir='ltr'><strong>ipse</strong></span> 
     </span>
     <span class='ocr_line' id='line_1_36' title="bbox 147 4019 1146 4117; baseline -0.001 -26"><span class='ocrx_word' id='word_1_373' title='bbox 147 4019 289 4097; x_wconf 83' lang='lat' dir='ltr'><strong>habuit.</strong></span> <span class='ocrx_word' id='word_1_374' title='bbox 345 4019 399 4117; x_wconf 83' lang='lat' dir='ltr'><strong>lbi</strong></span> <span class='ocrx_word' id='word_1_375' title='bbox 421 4045 502 4091; x_wconf 90' lang='lat' dir='ltr'><strong>cum</strong></span> <span class='ocrx_word' id='word_1_376' title='bbox 525 4019 564 4087; x_wconf 95' lang='lat' dir='ltr'><strong>in</strong></span> <span class='ocrx_word' id='word_1_377' title='bbox 587 4021 696 4090; x_wconf 92' lang='lat' dir='ltr'><strong>domo</strong></span> <span class='ocrx_word' id='word_1_378' title='bbox 720 4021 905 4113; x_wconf 84' lang='lat' dir='ltr'><strong>splendida</strong></span> <span class='ocrx_word' id='word_1_379' title='bbox 929 4045 1043 4115; x_wconf 90' lang='lat' dir='ltr'><strong>prope</strong></span> <span class='ocrx_word' id='word_1_380' title='bbox 1061 4020 1146 4091; x_wconf 90' lang='lat' dir='ltr'><strong>llei-</strong></span> 
     </span>
     <span class='ocr_line' id='line_1_37' title="bbox 150 4123 1146 4217; baseline -0.004 -21"><span class='ocrx_word' id='word_1_381' title='bbox 150 4126 356 4217; x_wconf 88' lang='lat' dir='ltr'><strong>delbergam</strong></span> <span class='ocrx_word' id='word_1_382' title='bbox 379 4136 546 4217; x_wconf 79' lang='lat' dir='ltr'><strong>exceptus</strong></span> <span class='ocrx_word' id='word_1_383' title='bbox 567 4136 677 4208; x_wconf 88' lang='lat' dir='ltr'><strong>essct,</strong></span> <span class='ocrx_word' id='word_1_384' title='bbox 711 4123 797 4194; x_wconf 76' lang='lat' dir='ltr'><strong>exiit</strong></span> <span class='ocrx_word' id='word_1_385' title='bbox 818 4136 1009 4209; x_wconf 89' lang='lat' dir='ltr'><strong>venatum,</strong></span> <span class='ocrx_word' id='word_1_386' title='bbox 1044 4125 1146 4193; x_wconf 92' lang='lat' dir='ltr'><strong>acin</strong></span> 
     </span>
     <span class='ocr_line' id='line_1_38' title="bbox 112 4225 1145 4322; baseline 0.001 -25"><span class='ocrx_word' id='word_1_387' title='bbox 112 4257 121 4274; x_wconf 92' lang='lat'><strong>·</strong></span> <span class='ocrx_word' id='word_1_388' title='bbox 148 4229 342 4299; x_wconf 78' lang='lat' dir='ltr'><strong>venatione</strong></span> <span class='ocrx_word' id='word_1_389' title='bbox 359 4251 504 4297; x_wconf 88' lang='lat' dir='ltr'><strong>cervum</strong></span> <span class='ocrx_word' id='word_1_390' title='bbox 519 4225 699 4319; x_wconf 77' lang='lat' dir='ltr'><strong>sequitur,</strong></span> <span class='ocrx_word' id='word_1_391' title='bbox 724 4227 860 4297; x_wconf 89' lang='lat' dir='ltr'><strong>interea</strong></span> <span class='ocrx_word' id='word_1_392' title='bbox 878 4239 1049 4322; x_wconf 89' lang='lat' dir='ltr'><strong>sequente</strong></span> <span class='ocrx_word' id='word_1_393' title='bbox 1066 4227 1145 4319; x_wconf 92' lang='lat' dir='ltr'><strong>ipso</strong></span> 
     </span>
     <span class='ocr_line' id='line_1_39' title="bbox 147 4328 1147 4425; baseline 0 -23"><span class='ocrx_word' id='word_1_394' title='bbox 147 4355 297 4402; x_wconf 87' lang='lat' dir='ltr'><strong>cervum</strong></span> <span class='ocrx_word' id='word_1_395' title='bbox 315 4331 354 4399; x_wconf 90' lang='lat' dir='ltr'><strong>in</strong></span> <span class='ocrx_word' id='word_1_396' title='bbox 369 4330 485 4398; x_wconf 88' lang='lat' dir='ltr'><strong>media</strong></span> <span class='ocrx_word' id='word_1_397' title='bbox 504 4329 562 4397; x_wconf 92' lang='lat' dir='ltr'><strong>via</strong></span> <span class='ocrx_word' id='word_1_398' title='bbox 582 4328 726 4398; x_wconf 91' lang='lat' dir='ltr'><strong>obviam</strong></span> <span class='ocrx_word' id='word_1_399' title='bbox 743 4331 843 4400; x_wconf 88' lang='lat' dir='ltr'><strong>venit</strong></span> <span class='ocrx_word' id='word_1_400' title='bbox 857 4330 911 4399; x_wconf 93' lang='lat' dir='ltr'><strong>illi</strong></span> <span class='ocrx_word' id='word_1_401' title='bbox 924 4331 1050 4422; x_wconf 89' lang='lat' dir='ltr'><strong>lupus,</strong></span> <span class='ocrx_word' id='word_1_402' title='bbox 1083 4330 1147 4425; x_wconf 85' lang='lat' dir='ltr'><strong>qui</strong></span> 
     </span>
     <span class='ocr_line' id='line_1_40' title="bbox 149 4430 1147 4526; baseline -0.001 -22"><span class='ocrx_word' id='word_1_403' title='bbox 149 4431 248 4504; x_wconf 87' lang='lat' dir='ltr'><strong>haud</strong></span> <span class='ocrx_word' id='word_1_404' title='bbox 263 4433 371 4503; x_wconf 90' lang='lat' dir='ltr'><strong>dubie</strong></span> <span class='ocrx_word' id='word_1_405' title='bbox 386 4433 455 4502; x_wconf 83' lang='lat' dir='ltr'><strong>tuit</strong></span> <span class='ocrx_word' id='word_1_406' title='bbox 473 4444 665 4526; x_wconf 85' lang='lat' dir='ltr'><strong>spectrum.</strong></span> <span class='ocrx_word' id='word_1_407' title='bbox 722 4430 784 4502; x_wconf 87' lang='lat' dir='ltr'><strong>llle</strong></span> <span class='ocrx_word' id='word_1_408' title='bbox 807 4433 940 4504; x_wconf 91' lang='lat' dir='ltr'><strong>omisso</strong></span> <span class='ocrx_word' id='word_1_409' title='bbox 965 4458 1070 4504; x_wconf 91' lang='lat' dir='ltr'><strong>cervo</strong></span> <span class='ocrx_word' id='word_1_410' title='bbox 1092 4433 1147 4503; x_wconf 92' lang='lat' dir='ltr'><strong>in-</strong></span> 
     </span>
     <span class='ocr_line' id='line_1_41' title="bbox 146 4532 1147 4633; baseline -0.004 -24"><span class='ocrx_word' id='word_1_411' title='bbox 146 4535 313 4633; x_wconf 87' lang='lat' dir='ltr'><strong>sequitur</strong></span> <span class='ocrx_word' id='word_1_412' title='bbox 330 4535 469 4627; x_wconf 93' lang='lat' dir='ltr'><strong>lupum.</strong></span> <span class='ocrx_word' id='word_1_413' title='bbox 521 4532 610 4605; x_wconf 90' lang='lat' dir='ltr'><strong>Cum</strong></span> <span class='ocrx_word' id='word_1_414' title='bbox 629 4534 739 4626; x_wconf 91' lang='lat' dir='ltr'><strong>igitur</strong></span> <span class='ocrx_word' id='word_1_415' title='bbox 759 4536 847 4629; x_wconf 93' lang='lat' dir='ltr'><strong>lupo</strong></span> <span class='ocrx_word' id='word_1_416' title='bbox 870 4536 930 4607; x_wconf 91' lang='lat' dir='ltr'><strong>isti</strong></span> <span class='ocrx_word' id='word_1_417' title='bbox 951 4536 1147 4630; x_wconf 90' lang='lat' dir='ltr'><strong>appropin-</strong></span> 
     </span>
     <span class='ocr_line' id='line_1_42' title="bbox 152 4637 1148 4735; baseline 0.002 -28"><span class='ocrx_word' id='word_1_418' title='bbox 152 4650 299 4735; x_wconf 89' lang='lat' dir='ltr'><strong>quaret,</strong></span> <span class='ocrx_word' id='word_1_419' title='bbox 323 4662 403 4708; x_wconf 91' lang='lat' dir='ltr'><strong>crus</strong></span> <span class='ocrx_word' id='word_1_420' title='bbox 417 4637 535 4727; x_wconf 86' lang='lat' dir='ltr'><strong>fregit.</strong></span> <span class='ocrx_word' id='word_1_421' title='bbox 594 4639 779 4709; x_wconf 86' lang='lat' dir='ltr'><strong>Accedunt</strong></span> <span class='ocrx_word' id='word_1_422' title='bbox 797 4651 916 4709; x_wconf 88' lang='lat' dir='ltr'><strong>autem</strong></span> <span class='ocrx_word' id='word_1_423' title='bbox 936 4640 1086 4724; x_wconf 90' lang='lat' dir='ltr'><strong>medici,</strong></span> <span class='ocrx_word' id='word_1_424' title='bbox 1113 4651 1148 4709; x_wconf 91' lang='lat' dir='ltr'><strong>et</strong></span> 
     </span>
     <span class='ocr_line' id='line_1_43' title="bbox 146 4741 1148 4837; baseline -0.001 -24"><span class='ocrx_word' id='word_1_425' title='bbox 146 4746 381 4837; x_wconf 84' lang='lat' dir='ltr'><strong>desperantes</strong></span> <span class='ocrx_word' id='word_1_426' title='bbox 412 4742 457 4809; x_wconf 92' lang='lat' dir='ltr'><strong>de</strong></span> <span class='ocrx_word' id='word_1_427' title='bbox 486 4763 528 4807; x_wconf 91' lang='lat' dir='ltr'><strong>eo</strong></span> <span class='ocrx_word' id='word_1_428' title='bbox 561 4741 754 4811; x_wconf 90' lang='lat' dir='ltr'><strong>voluerunt</strong></span> <span class='ocrx_word' id='word_1_429' title='bbox 785 4743 818 4810; x_wconf 92' lang='lat' dir='ltr'><strong>ei</strong></span> <span class='ocrx_word' id='word_1_430' title='bbox 842 4767 923 4814; x_wconf 90' lang='lat' dir='ltr'><strong>crus</strong></span> <span class='ocrx_word' id='word_1_431' title='bbox 946 4755 1148 4835; x_wconf 90' lang='lat' dir='ltr'><strong>amputare,</strong></span> 
     </span>
     <span class='ocr_line' id='line_1_44' title="bbox 153 4842 1148 4941; baseline 0.001 -28"><span class='ocrx_word' id='word_1_432' title='bbox 153 4848 283 4941; x_wconf 83' lang='lat' dir='ltr'><strong>quibus</strong></span> <span class='ocrx_word' id='word_1_433' title='bbox 305 4842 559 4913; x_wconf 89' lang='lat' dir='ltr'><strong>Ferdinandus</strong></span> <span class='ocrx_word' id='word_1_434' title='bbox 585 4844 801 4935; x_wconf 88' lang='lat' dir='ltr'><strong>repugnavit</strong></span> <span class='ocrx_word' id='word_1_435' title='bbox 829 4857 865 4913; x_wconf 91' lang='lat' dir='ltr'><strong>et</strong></span> <span class='ocrx_word' id='word_1_436' title='bbox 884 4844 975 4915; x_wconf 83' lang='lat' dir='ltr'><strong>dixit</strong></span> <span class='ocrx_word' id='word_1_437' title='bbox 996 4871 1032 4916; x_wconf 89' lang='lat' dir='ltr'><strong>se</strong></span> <span class='ocrx_word' id='word_1_438' title='bbox 1058 4846 1148 4915; x_wconf 90' lang='lat' dir='ltr'><strong>velle</strong></span> 
     </span>
     <span class='ocr_line' id='line_1_45' title="bbox 149 4940 1147 5043; baseline 0.001 -26"><span class='ocrx_word' id='word_1_439' title='bbox 149 4950 367 5040; x_wconf 86' lang='lat' dir='ltr'><strong>suspendere</strong></span> <span class='ocrx_word' id='word_1_440' title='bbox 385 4970 511 5017; x_wconf 91' lang='lat' dir='ltr'><strong>omues</strong></span> <span class='ocrx_word' id='word_1_441' title='bbox 525 4940 733 5036; x_wconf 87' lang='lat' dir='ltr'><strong>chirurgos,</strong></span> <span class='ocrx_word' id='word_1_442' title='bbox 758 4949 872 5043; x_wconf 86' lang='lat' dir='ltr'><strong>etqui</strong></span> <span class='ocrx_word' id='word_1_443' title='bbox 896 4944 980 5018; x_wconf 91' lang='lat' dir='ltr'><strong>huic</strong></span> <span class='ocrx_word' id='word_1_444' title='bbox 1002 4948 1147 5040; x_wconf 90' lang='lat' dir='ltr'><strong>negotio</strong></span> 
     </span>
     <span class='ocr_line' id='line_1_46' title="bbox 147 5045 1149 5129; baseline 0.002 -8"><span class='ocrx_word' id='word_1_445' title='bbox 147 5051 408 5121; x_wconf 80' lang='lat' dir='ltr'><strong>interfuissent.</strong></span> <span class='ocrx_word' id='word_1_446' title='bbox 459 5045 514 5129; x_wconf 88' lang='lat' dir='ltr'><strong>lbi</strong></span> <span class='ocrx_word' id='word_1_447' title='bbox 529 5049 674 5121; x_wconf 90' lang='lat' dir='ltr'><strong>relictus</strong></span> <span class='ocrx_word' id='word_1_448' title='bbox 690 5050 749 5120; x_wconf 91' lang='lat' dir='ltr'><strong>ille</strong></span> <span class='ocrx_word' id='word_1_449' title='bbox 764 5052 809 5120; x_wconf 93' lang='lat' dir='ltr'><strong>ab</strong></span> <span class='ocrx_word' id='word_1_450' title='bbox 828 5050 995 5121; x_wconf 90' lang='lat' dir='ltr'><strong>omnibus</strong></span> <span class='ocrx_word' id='word_1_451' title='bbox 1010 5047 1149 5123; x_wconf 85' lang='lat' dir='ltr'><strong>chirur-</strong></span> 
     </span>
     <span class='ocr_line' id='line_1_47' title="bbox 147 5151 687 5273; baseline 0.004 -51"><span class='ocrx_word' id='word_1_452' title='bbox 147 5152 228 5273; x_wconf 70' lang='lat' dir='ltr'><strong>gis,</strong></span> <span class='ocrx_word' id='word_1_453' title='bbox 253 5166 416 5224; x_wconf 83' lang='lat' dir='ltr'><strong>sanatum</strong></span> <span class='ocrx_word' id='word_1_454' title='bbox 434 5165 488 5224; x_wconf 90' lang='lat' dir='ltr'><strong>est</strong></span> <span class='ocrx_word' id='word_1_455' title='bbox 503 5167 585 5224; x_wconf 83' lang='lat' dir='ltr'><strong>crus</strong></span> <span class='ocrx_word' id='word_1_456' title='bbox 600 5151 687 5224; x_wconf 92' lang='lat' dir='ltr'><strong>eius.</strong></span> 
     </span>
    </p>
   </div>
   <div class='ocr_carea' id='block_1_11' title="bbox 151 5287 1150 5487">
    <p class='ocr_par' dir='ltr' id='par_1_12' title="bbox 151 5287 1150 5487">
     <span class='ocr_line' id='line_1_48' title="bbox 258 5287 1149 5381; baseline 0.001 -22"><span class='ocrx_word' id='word_1_457' title='bbox 258 5287 347 5359; x_wconf 86' lang='lat' dir='ltr'><strong>Clll.</strong></span> <span class='ocrx_word' id='word_1_458' title='bbox 388 5288 613 5381; x_wconf 86' lang='lat' dir='ltr'><strong>Bambergae</strong></span> <span class='ocrx_word' id='word_1_459' title='bbox 647 5292 740 5362; x_wconf 89' lang='lat' dir='ltr'><strong>duae</strong></span> <span class='ocrx_word' id='word_1_460' title='bbox 772 5291 866 5362; x_wconf 87' lang='lat' dir='ltr'><strong>filiae</strong></span> <span class='ocrx_word' id='word_1_461' title='bbox 897 5293 1063 5363; x_wconf 83' lang='lat' dir='ltr'><strong>seductae</strong></span> <span class='ocrx_word' id='word_1_462' title='bbox 1102 5292 1149 5361; x_wconf 89' lang='lat' dir='ltr'><strong>ab</strong></span> 
     </span>
     <span class='ocr_line' id='line_1_49' title="bbox 151 5392 1150 5487; baseline 0 -23"><span class='ocrx_word' id='word_1_463' title='bbox 151 5392 400 5485; x_wconf 80' lang='lat' dir='ltr'><strong>Anabaptistis</strong></span> <span class='ocrx_word' id='word_1_464' title='bbox 424 5393 646 5464; x_wconf 89' lang='lat' dir='ltr'><strong>ducebantur</strong></span> <span class='ocrx_word' id='word_1_465' title='bbox 668 5397 714 5463; x_wconf 92' lang='lat' dir='ltr'><strong>ad</strong></span> <span class='ocrx_word' id='word_1_466' title='bbox 737 5395 975 5487; x_wconf 90' lang='lat' dir='ltr'><strong>supplicium,</strong></span> <span class='ocrx_word' id='word_1_467' title='bbox 1013 5398 1075 5466; x_wconf 90' lang='lat' dir='ltr'><strong>sed</strong></span> <span class='ocrx_word' id='word_1_468' title='bbox 1096 5407 1150 5464; x_wconf 88' lang='lat' dir='ltr'><strong>ta-</strong></span> 
     </span>
    </p>
   </div>
   <div class='ocr_carea' id='block_1_12' title="bbox 154 5497 1151 5591">
    <p class='ocr_par' dir='ltr' id='par_1_13' title="bbox 154 5497 1151 5591">
     <span class='ocr_line' id='line_1_50' title="bbox 154 5497 1151 5591; baseline 0.003 -26"><span class='ocrx_word' id='word_1_469' title='bbox 154 5521 238 5565; x_wconf 92' lang='lat' dir='ltr'><strong>men</strong></span> <span class='ocrx_word' id='word_1_470' title='bbox 267 5497 468 5566; x_wconf 88' lang='lat' dir='ltr'><strong>didicerant</strong></span> <span class='ocrx_word' id='word_1_471' title='bbox 497 5520 601 5567; x_wconf 90' lang='lat' dir='ltr'><strong>nosse</strong></span> <span class='ocrx_word' id='word_1_472' title='bbox 633 5497 747 5567; x_wconf 87' lang='lat' dir='ltr'><strong>lilium</strong></span> <span class='ocrx_word' id='word_1_473' title='bbox 771 5497 841 5568; x_wconf 90' lang='lat' dir='ltr'><strong>Dei</strong></span> <span class='ocrx_word' id='word_1_474' title='bbox 871 5501 1151 5591; x_wconf 88' lang='lat' dir='ltr'><strong>redemptorem,</strong></span> 
     </span>
    </p>
   </div>
   <div class='ocr_carea' id='block_1_13' title="bbox 1194 2444 2216 2746">
    <p class='ocr_par' dir='ltr' id='par_1_14' title="bbox 1194 2444 2216 2746">
     <span class='ocr_line' id='line_1_51' title="bbox 1194 2444 2194 2517; baseline 0.001 -2"><span class='ocrx_word' id='word_1_475' title='bbox 1194 2471 1272 2516; x_wconf 91' lang='lat' dir='ltr'><strong>non</strong></span> <span class='ocrx_word' id='word_1_476' title='bbox 1293 2448 1401 2517; x_wconf 82' lang='lat' dir='ltr'><strong>fuisse</strong></span> <span class='ocrx_word' id='word_1_477' title='bbox 1425 2447 1501 2517; x_wconf 91' lang='lat' dir='ltr'><strong>sine</strong></span> <span class='ocrx_word' id='word_1_478' title='bbox 1527 2444 1597 2514; x_wconf 90' lang='lat' dir='ltr'><strong>Dei</strong></span> <span class='ocrx_word' id='word_1_479' title='bbox 1622 2446 1769 2516; x_wconf 82' lang='lat' dir='ltr'><strong>auxilio.</strong></span> <span class='ocrx_word' id='word_1_480' title='bbox 1834 2444 1963 2515; x_wconf 90' lang='lat' dir='ltr'><strong>Postea</strong></span> <span class='ocrx_word' id='word_1_481' title='bbox 1995 2448 2133 2517; x_wconf 83' lang='lat' dir='ltr'><strong>iscivis</strong></span> <span class='ocrx_word' id='word_1_482' title='bbox 2154 2446 2194 2516; x_wconf 90' lang='lat' dir='ltr'><strong>in</strong></span> 
     </span>
     <span class='ocr_line' id='line_1_52' title="bbox 1195 2547 2194 2643; baseline 0.001 -26"><span class='ocrx_word' id='word_1_483' title='bbox 1195 2549 1368 2619; x_wconf 90' lang='lat' dir='ltr'><strong>iudicium</strong></span> <span class='ocrx_word' id='word_1_484' title='bbox 1385 2549 1555 2631; x_wconf 88' lang='lat' dir='ltr'><strong>veniens,</strong></span> <span class='ocrx_word' id='word_1_485' title='bbox 1583 2548 1667 2643; x_wconf 91' lang='lat' dir='ltr'><strong>quia</strong></span> <span class='ocrx_word' id='word_1_486' title='bbox 1684 2548 1842 2617; x_wconf 90' lang='lat' dir='ltr'><strong>latrones</strong></span> <span class='ocrx_word' id='word_1_487' title='bbox 1857 2547 2103 2632; x_wconf 88' lang='lat' dir='ltr'><strong>interfecisset,</strong></span> <span class='ocrx_word' id='word_1_488' title='bbox 2131 2551 2194 2618; x_wconf 88' lang='lat' dir='ltr'><strong>ab·</strong></span> 
     </span>
     <span class='ocr_line' id='line_1_53' title="bbox 1195 2647 2216 2746; baseline 0 -23"><span class='ocrx_word' id='word_1_489' title='bbox 1195 2652 1333 2723; x_wconf 91' lang='lat' dir='ltr'><strong>solutus</strong></span> <span class='ocrx_word' id='word_1_490' title='bbox 1355 2664 1419 2723; x_wconf 89' lang='lat' dir='ltr'><strong>est.</strong></span> <span class='ocrx_word' id='word_1_491' title='bbox 1470 2650 1612 2721; x_wconf 84' lang='lat' dir='ltr'><strong>Assedit</strong></span> <span class='ocrx_word' id='word_1_492' title='bbox 1635 2652 1742 2720; x_wconf 90' lang='lat' dir='ltr'><strong>etiam</strong></span> <span class='ocrx_word' id='word_1_493' title='bbox 1765 2647 1990 2743; x_wconf 86' lang='lat' dir='ltr'><strong>Theologus,</strong></span> <span class='ocrx_word' id='word_1_494' title='bbox 2017 2653 2080 2746; x_wconf 91' lang='lat' dir='ltr'><strong>qui</strong></span> <span class='ocrx_word' id='word_1_495' title='bbox 2098 2650 2216 2723; x_wconf 87' lang='lat' dir='ltr'><strong>illius·</strong></span> 
     </span>
    </p>
   </div>
   <div class='ocr_carea' id='block_1_14' title="bbox 1194 2752 2329 2850">
    <p class='ocr_par' dir='ltr' id='par_1_15' title="bbox 1194 2752 2329 2850">
     <span class='ocr_line' id='line_1_54' title="bbox 1194 2752 2329 2850; baseline 0.004 -27"><span class='ocrx_word' id='word_1_496' title='bbox 1194 2757 1328 2825; x_wconf 82' lang='lat' dir='ltr'><strong>factum</strong></span> <span class='ocrx_word' id='word_1_497' title='bbox 1351 2754 1603 2846; x_wconf 86' lang='lat' dir='ltr'><strong>comprobavit</strong></span> <span class='ocrx_word' id='word_1_498' title='bbox 1623 2754 1763 2825; x_wconf 91' lang='lat' dir='ltr'><strong>dicens:</strong></span> <span class='ocrx_word' id='word_1_499' title='bbox 1790 2755 1887 2837; x_wconf 59' lang='lat' dir='ltr'><strong>&amp;neu</strong></span> <span class='ocrx_word' id='word_1_500' title='bbox 1908 2752 1948 2843; x_wconf 76' lang='lat' dir='ltr'><strong>ill</strong></span> <span class='ocrx_word' id='word_1_501' title='bbox 1970 2754 2054 2850; x_wconf 66' lang='lat' dir='ltr'><strong>:eut</strong></span> <span class='ocrx_word' id='word_1_502' title='bbox 2076 2753 2195 2848; x_wconf 53' lang='lat' dir='ltr'><strong>gelbes</strong></span> <span class='ocrx_word' id='word_1_503' title='bbox 2320 2791 2329 2797; x_wconf 95' lang='lat'><strong>··</strong></span> 
     </span>
    </p>
   </div>
   <div class='ocr_carea' id='block_1_15' title="bbox 1195 2855 2196 3466">
    <p class='ocr_par' dir='ltr' id='par_1_16' title="bbox 1195 2855 2196 3466">
     <span class='ocr_line' id='line_1_55' title="bbox 1195 2855 2195 2952; baseline 0.009 -28"><span class='ocrx_word' id='word_1_504' title='bbox 1195 2857 1269 2951; x_wconf 67' lang='lat' dir='ltr'><strong>beu.</strong></span> <span class='ocrx_word' id='word_1_505' title='bbox 1303 2855 1405 2926; x_wconf 83' lang='lat' dir='ltr'><strong>Alter</strong></span> <span class='ocrx_word' id='word_1_506' title='bbox 1421 2881 1542 2951; x_wconf 88' lang='lat' dir='ltr'><strong>eques,</strong></span> <span class='ocrx_word' id='word_1_507' title='bbox 1569 2857 1632 2952; x_wconf 93' lang='lat' dir='ltr'><strong>qui</strong></span> <span class='ocrx_word' id='word_1_508' title='bbox 1647 2858 1769 2940; x_wconf 79' lang='lat' dir='ltr'><strong>affuit,</strong></span> <span class='ocrx_word' id='word_1_509' title='bbox 1796 2857 1902 2928; x_wconf 84' lang='lat' dir='ltr'><strong>dixit:</strong></span> <span class='ocrx_word' id='word_1_510' title='bbox 1928 2856 1987 2947; x_wconf 66' lang='lat'><strong>811</strong></span> <span class='ocrx_word' id='word_1_511' title='bbox 2000 2863 2064 2933; x_wconf 75' lang='lat' dir='ltr'><strong>bot</strong></span> <span class='ocrx_word' id='word_1_512' title='bbox 2078 2860 2195 2935; x_wconf 60' lang='lat' dir='ltr'><strong>Quom</strong></span> 
     </span>
     <span class='ocr_line' id='line_1_56' title="bbox 1195 2955 2194 3056; baseline -0.002 -21"><span class='ocrx_word' id='word_1_513' title='bbox 1195 2959 1307 3056; x_wconf 72' lang='lat' dir='ltr'><strong>gettlcb&#39;</strong></span> <span class='ocrx_word' id='word_1_514' title='bbox 1338 2964 1414 3036; x_wconf 76' lang='lat' dir='ltr'><strong>obet</strong></span> <span class='ocrx_word' id='word_1_515' title='bbox 1436 2955 1655 3055; x_wconf 62' lang='lat' dir='ltr'><strong>&#39;sstpeologildy</strong></span> <span class='ocrx_word' id='word_1_516' title='bbox 1686 2959 1821 3055; x_wconf 72' lang='lat' dir='ltr'><strong>getebtt</strong></span> <span class='ocrx_word' id='word_1_517' title='bbox 1857 2984 1980 3031; x_wconf 81' lang='lat' dir='ltr'><strong>nonne</strong></span> <span class='ocrx_word' id='word_1_518' title='bbox 2012 2963 2194 3033; x_wconf 80' lang='lat' dir='ltr'><strong>debuisses</strong></span> 
     </span>
     <span class='ocr_line' id='line_1_57' title="bbox 1196 3064 2195 3162; baseline -0.005 -27"><span class='ocrx_word' id='word_1_519' title='bbox 1196 3066 1333 3136; x_wconf 91' lang='lat' dir='ltr'><strong>dicere:</strong></span> <span class='ocrx_word' id='word_1_520' title='bbox 1366 3064 1501 3162; x_wconf 80' lang='lat' dir='ltr'><strong>Siquis</strong></span> <span class='ocrx_word' id='word_1_521' title='bbox 1518 3066 1782 3155; x_wconf 86' lang='lat' dir='ltr'><strong>tepercusserit</strong></span> <span class='ocrx_word' id='word_1_522' title='bbox 1804 3064 1843 3131; x_wconf 92' lang='lat' dir='ltr'><strong>iu</strong></span> <span class='ocrx_word' id='word_1_523' title='bbox 1865 3087 1976 3132; x_wconf 89' lang='lat' dir='ltr'><strong>uuam</strong></span> <span class='ocrx_word' id='word_1_524' title='bbox 1996 3065 2195 3146; x_wconf 84' lang='lat' dir='ltr'><strong>maxillam,</strong></span> 
     </span>
     <span class='ocr_line' id='line_1_58' title="bbox 1195 3160 2196 3259; baseline -0.002 -22"><span class='ocrx_word' id='word_1_525' title='bbox 1195 3167 1342 3259; x_wconf 88' lang='lat' dir='ltr'><strong>porrige</strong></span> <span class='ocrx_word' id='word_1_526' title='bbox 1355 3165 1408 3234; x_wconf 92' lang='lat' dir='ltr'><strong>illi</strong></span> <span class='ocrx_word' id='word_1_527' title='bbox 1425 3178 1461 3234; x_wconf 91' lang='lat' dir='ltr'><strong>et</strong></span> <span class='ocrx_word' id='word_1_528' title='bbox 1475 3164 1653 3234; x_wconf 81' lang='lat' dir='ltr'><strong>alteram?</strong></span> <span class='ocrx_word' id='word_1_529' title='bbox 1692 3164 1828 3236; x_wconf 86' lang='lat' dir='ltr'><strong>Verum</strong></span> <span class='ocrx_word' id='word_1_530' title='bbox 1844 3164 1905 3233; x_wconf 91' lang='lat' dir='ltr'><strong>illa</strong></span> <span class='ocrx_word' id='word_1_531' title='bbox 1923 3165 2099 3234; x_wconf 89' lang='lat' dir='ltr'><strong>sententia</strong></span> <span class='ocrx_word' id='word_1_532' title='bbox 2123 3160 2196 3235; x_wconf 86' lang='lat' dir='ltr'><strong>boc</strong></span> 
     </span>
     <span class='ocr_line' id='line_1_59' title="bbox 1195 3266 2194 3362; baseline -0.002 -22"><span class='ocrx_word' id='word_1_533' title='bbox 1195 3272 1276 3340; x_wconf 92' lang='lat' dir='ltr'><strong>loco</strong></span> <span class='ocrx_word' id='word_1_534' title='bbox 1291 3293 1367 3339; x_wconf 91' lang='lat' dir='ltr'><strong>non</strong></span> <span class='ocrx_word' id='word_1_535' title='bbox 1382 3270 1496 3352; x_wconf 86' lang='lat' dir='ltr'><strong>valet,</strong></span> <span class='ocrx_word' id='word_1_536' title='bbox 1523 3269 1608 3362; x_wconf 92' lang='lat' dir='ltr'><strong>quia</strong></span> <span class='ocrx_word' id='word_1_537' title='bbox 1623 3269 1702 3338; x_wconf 91' lang='lat' dir='ltr'><strong>iure</strong></span> <span class='ocrx_word' id='word_1_538' title='bbox 1718 3269 1945 3339; x_wconf 89' lang='lat' dir='ltr'><strong>conceditur:</strong></span> <span class='ocrx_word' id='word_1_539' title='bbox 1972 3268 2046 3337; x_wconf 86' lang='lat' dir='ltr'><strong>vim</strong></span> <span class='ocrx_word' id='word_1_540' title='bbox 2071 3266 2109 3337; x_wconf 78' lang='lat' dir='ltr'><strong>vi</strong></span> <span class='ocrx_word' id='word_1_541' title='bbox 2132 3270 2194 3338; x_wconf 88' lang='lat' dir='ltr'><strong>de-</strong></span> 
     </span>
     <span class='ocr_line' id='line_1_60' title="bbox 1195 3371 1438 3466; baseline -0.008 -23"><span class='ocrx_word' id='word_1_542' title='bbox 1195 3375 1328 3466; x_wconf 87' lang='lat' dir='ltr'><strong>pellere</strong></span> <span class='ocrx_word' id='word_1_543' title='bbox 1344 3371 1438 3441; x_wconf 92' lang='lat' dir='ltr'><strong>licet.</strong></span> 
     </span>
    </p>
   </div>
   <div class='ocr_carea' id='block_1_16' title="bbox 1195 3504 2196 3813">
    <p class='ocr_par' dir='ltr' id='par_1_17' title="bbox 1195 3504 2196 3813">
     <span class='ocr_line' id='line_1_61' title="bbox 1298 3504 2195 3600; baseline -0.003 -21"><span class='ocrx_word' id='word_1_544' title='bbox 1298 3505 1388 3579; x_wconf 81' lang='lat' dir='ltr'><strong>cxl.</strong></span> <span class='ocrx_word' id='word_1_545' title='bbox 1421 3505 1547 3576; x_wconf 85' lang='lat' dir='ltr'><strong>Eccius</strong></span> <span class='ocrx_word' id='word_1_546' title='bbox 1566 3504 1605 3576; x_wconf 92' lang='lat' dir='ltr'><strong>iu</strong></span> <span class='ocrx_word' id='word_1_547' title='bbox 1622 3507 1780 3600; x_wconf 92' lang='lat' dir='ltr'><strong>quodam</strong></span> <span class='ocrx_word' id='word_1_548' title='bbox 1797 3506 1965 3578; x_wconf 90' lang='lat' dir='ltr'><strong>convivio</strong></span> <span class='ocrx_word' id='word_1_549' title='bbox 1983 3507 2114 3578; x_wconf 88' lang='lat' dir='ltr'><strong>assedit</strong></span> <span class='ocrx_word' id='word_1_550' title='bbox 2128 3529 2195 3576; x_wconf 91' lang='lat' dir='ltr'><strong>no·</strong></span> 
     </span>
     <span class='ocr_line' id='line_1_62' title="bbox 1195 3606 2196 3703; baseline -0.006 -20"><span class='ocrx_word' id='word_1_551' title='bbox 1195 3612 1261 3683; x_wconf 90' lang='lat' dir='ltr'><strong>bili</strong></span> <span class='ocrx_word' id='word_1_552' title='bbox 1282 3625 1318 3683; x_wconf 93' lang='lat' dir='ltr'><strong>et</strong></span> <span class='ocrx_word' id='word_1_553' title='bbox 1339 3606 1511 3681; x_wconf 85' lang='lat' dir='ltr'><strong>honestae</strong></span> <span class='ocrx_word' id='word_1_554' title='bbox 1532 3621 1736 3680; x_wconf 91' lang='lat' dir='ltr'><strong>matronae.</strong></span> <span class='ocrx_word' id='word_1_555' title='bbox 1802 3606 1864 3678; x_wconf 91' lang='lat' dir='ltr'><strong>llle</strong></span> <span class='ocrx_word' id='word_1_556' title='bbox 1885 3609 2007 3682; x_wconf 91' lang='lat' dir='ltr'><strong>asinus</strong></span> <span class='ocrx_word' id='word_1_557' title='bbox 2034 3607 2093 3703; x_wconf 90' lang='lat' dir='ltr'><strong>(ut</strong></span> <span class='ocrx_word' id='word_1_558' title='bbox 2117 3621 2196 3679; x_wconf 90' lang='lat' dir='ltr'><strong>erat</strong></span> 
     </span>
     <span class='ocr_line' id='line_1_63' title="bbox 1197 3711 2196 3813; baseline -0.004 -28"><span class='ocrx_word' id='word_1_559' title='bbox 1197 3716 1336 3813; x_wconf 91' lang='lat' dir='ltr'><strong>asinus)</strong></span> <span class='ocrx_word' id='word_1_560' title='bbox 1364 3712 1426 3783; x_wconf 94' lang='lat' dir='ltr'><strong>ubi</strong></span> <span class='ocrx_word' id='word_1_561' title='bbox 1456 3712 1566 3805; x_wconf 88' lang='lat' dir='ltr'><strong>paulo</strong></span> <span class='ocrx_word' id='word_1_562' title='bbox 1597 3713 1678 3802; x_wconf 92' lang='lat' dir='ltr'><strong>plus</strong></span> <span class='ocrx_word' id='word_1_563' title='bbox 1701 3711 1868 3796; x_wconf 90' lang='lat' dir='ltr'><strong>bibisset,</strong></span> <span class='ocrx_word' id='word_1_564' title='bbox 1904 3713 2021 3786; x_wconf 90' lang='lat' dir='ltr'><strong>voluit</strong></span> <span class='ocrx_word' id='word_1_565' title='bbox 2045 3737 2125 3783; x_wconf 93' lang='lat' dir='ltr'><strong>cum</strong></span> <span class='ocrx_word' id='word_1_566' title='bbox 2153 3734 2196 3781; x_wconf 84' lang='lat' dir='ltr'><strong>ea</strong></span> 
     </span>
    </p>
   </div>
   <div class='ocr_carea' id='block_1_17' title="bbox 1197 3814 2314 3911">
    <p class='ocr_par' dir='ltr' id='par_1_18' title="bbox 1197 3814 2314 3911">
     <span class='ocr_line' id='line_1_64' title="bbox 1197 3814 2314 3911; baseline -0.004 -24"><span class='ocrx_word' id='word_1_567' title='bbox 1197 3818 1351 3911; x_wconf 86' lang='lat' dir='ltr'><strong>ineptire</strong></span> <span class='ocrx_word' id='word_1_568' title='bbox 1374 3829 1410 3884; x_wconf 91' lang='lat' dir='ltr'><strong>et</strong></span> <span class='ocrx_word' id='word_1_569' title='bbox 1434 3827 1656 3884; x_wconf 88' lang='lat' dir='ltr'><strong>contrectare</strong></span> <span class='ocrx_word' id='word_1_570' title='bbox 1687 3839 1779 3886; x_wconf 92' lang='lat' dir='ltr'><strong>eam.</strong></span> <span class='ocrx_word' id='word_1_571' title='bbox 1845 3814 2017 3886; x_wconf 89' lang='lat' dir='ltr'><strong>Matrona</strong></span> <span class='ocrx_word' id='word_1_572' title='bbox 2048 3815 2197 3905; x_wconf 89' lang='lat' dir='ltr'><strong>indigne</strong></span> <span class='ocrx_word' id='word_1_573' title='bbox 2309 3828 2314 3841; x_wconf 93' lang='lat'><em>&#39;</em></span> 
     </span>
    </p>
   </div>
   <div class='ocr_carea' id='block_1_18' title="bbox 1197 3915 2197 4221">
    <p class='ocr_par' dir='ltr' id='par_1_19' title="bbox 1197 3915 2197 4221">
     <span class='ocr_line' id='line_1_65' title="bbox 1197 3915 2196 4012; baseline 0.002 -22"><span class='ocrx_word' id='word_1_574' title='bbox 1197 3918 1266 3992; x_wconf 87' lang='lat' dir='ltr'><strong>hoc</strong></span> <span class='ocrx_word' id='word_1_575' title='bbox 1282 3922 1400 3990; x_wconf 85' lang='lat' dir='ltr'><strong>ferens</strong></span> <span class='ocrx_word' id='word_1_576' title='bbox 1415 3916 1530 4012; x_wconf 66' lang='lat' dir='ltr'><strong>[dtegt</strong></span> <span class='ocrx_word' id='word_1_577' title='bbox 1544 3922 1606 3992; x_wconf 81' lang='lat' dir='ltr'><strong>teu</strong></span> <span class='ocrx_word' id='word_1_578' title='bbox 1625 3915 1735 4010; x_wconf 64' lang='lat' dir='ltr'><strong>sudat</strong></span> <span class='ocrx_word' id='word_1_579' title='bbox 1748 3919 1810 3993; x_wconf 79' lang='lat' dir='ltr'><strong>uit</strong></span> <span class='ocrx_word' id='word_1_580' title='bbox 1825 3923 1880 3995; x_wconf 81' lang='lat' dir='ltr'><strong>bet</strong></span> <span class='ocrx_word' id='word_1_581' title='bbox 1904 3919 2032 3995; x_wconf 76' lang='lat' dir='ltr'><strong>tentet</strong></span> <span class='ocrx_word' id='word_1_582' title='bbox 2054 3917 2110 4012; x_wconf 74' lang='lat' dir='ltr'><strong>fut</strong></span> <span class='ocrx_word' id='word_1_583' title='bbox 2134 3922 2196 3993; x_wconf 83' lang='lat' dir='ltr'><strong>tur</strong></span> 
     </span>
     <span class='ocr_line' id='line_1_66' title="bbox 1198 4016 2197 4120; baseline -0.011 -20"><span class='ocrx_word' id='word_1_584' title='bbox 1198 4021 1292 4120; x_wconf 71' lang='lat' dir='ltr'><strong>lopf,</strong></span> <span class='ocrx_word' id='word_1_585' title='bbox 1327 4023 1462 4093; x_wconf 91' lang='lat' dir='ltr'><strong>dicens:</strong></span> <span class='ocrx_word' id='word_1_586' title='bbox 1497 4016 1598 4112; x_wconf 56' lang='lat' dir='ltr'><strong>§liulf</strong></span> <span class='ocrx_word' id='word_1_587' title='bbox 1619 4023 1690 4096; x_wconf 70' lang='lat' dir='ltr'><strong>lette</strong></span> <span class='ocrx_word' id='word_1_588' title='bbox 1715 4047 1853 4108; x_wconf 91' lang='lat' dir='ltr'><strong>mores,</strong></span> <span class='ocrx_word' id='word_1_589' title='bbox 1888 4024 1972 4116; x_wconf 92' lang='lat' dir='ltr'><strong>quia</strong></span> <span class='ocrx_word' id='word_1_590' title='bbox 1996 4022 2120 4093; x_wconf 88' lang='lat' dir='ltr'><strong>debuit</strong></span> <span class='ocrx_word' id='word_1_591' title='bbox 2140 4044 2197 4090; x_wconf 91' lang='lat' dir='ltr'><strong>re·</strong></span> 
     </span>
     <span class='ocr_line' id='line_1_67' title="bbox 1197 4123 1568 4221; baseline -0.011 -23"><span class='ocrx_word' id='word_1_592' title='bbox 1197 4153 1279 4221; x_wconf 88' lang='lat' dir='ltr'><strong>gere</strong></span> <span class='ocrx_word' id='word_1_593' title='bbox 1297 4123 1568 4195; x_wconf 88' lang='lat' dir='ltr'><strong>locomotivam.</strong></span> 
     </span>
    </p>
   </div>
   <div class='ocr_carea' id='block_1_19' title="bbox 1197 4237 2199 5360">
    <p class='ocr_par' dir='ltr' id='par_1_20' title="bbox 1197 4237 2199 5360">
     <span class='ocr_line' id='line_1_68' title="bbox 1301 4237 2194 4338; baseline -0.008 -22"><span class='ocrx_word' id='word_1_594' title='bbox 1301 4241 1405 4316; x_wconf 87' lang='lat' dir='ltr'><strong>Cllll.</strong></span> <span class='ocrx_word' id='word_1_595' title='bbox 1446 4243 1530 4313; x_wconf 83' lang='lat' dir='ltr'><strong>Dux</strong></span> <span class='ocrx_word' id='word_1_596' title='bbox 1555 4243 1704 4338; x_wconf 90' lang='lat' dir='ltr'><strong>quidam</strong></span> <span class='ocrx_word' id='word_1_597' title='bbox 1730 4242 1927 4313; x_wconf 89' lang='lat' dir='ltr'><strong>Bavaricus</strong></span> <span class='ocrx_word' id='word_1_598' title='bbox 1958 4237 2086 4312; x_wconf 89' lang='lat' dir='ltr'><strong>babuit</strong></span> <span class='ocrx_word' id='word_1_599' title='bbox 2110 4264 2194 4310; x_wconf 89' lang='lat' dir='ltr'><strong>con-</strong></span> 
     </span>
     <span class='ocr_line' id='line_1_69' title="bbox 1198 4345 2197 4443; baseline -0.005 -27"><span class='ocrx_word' id='word_1_600' title='bbox 1198 4349 1338 4440; x_wconf 90' lang='lat' dir='ltr'><strong>iugem,</strong></span> <span class='ocrx_word' id='word_1_601' title='bbox 1365 4371 1457 4443; x_wconf 90' lang='lat' dir='ltr'><strong>quae</strong></span> <span class='ocrx_word' id='word_1_602' title='bbox 1472 4347 1630 4441; x_wconf 71' lang='lat' dir='ltr'><strong>scribens</strong></span> <span class='ocrx_word' id='word_1_603' title='bbox 1644 4345 1748 4416; x_wconf 91' lang='lat' dir='ltr'><strong>binas</strong></span> <span class='ocrx_word' id='word_1_604' title='bbox 1762 4347 1903 4428; x_wconf 89' lang='lat' dir='ltr'><strong>literas,</strong></span> <span class='ocrx_word' id='word_1_605' title='bbox 1929 4369 2021 4414; x_wconf 93' lang='lat' dir='ltr'><strong>unas</strong></span> <span class='ocrx_word' id='word_1_606' title='bbox 2048 4346 2094 4413; x_wconf 94' lang='lat' dir='ltr'><strong>ad</strong></span> <span class='ocrx_word' id='word_1_607' title='bbox 2120 4366 2197 4412; x_wconf 85' lang='lat' dir='ltr'><strong>ma-</strong></span> 
     </span>
     <span class='ocr_line' id='line_1_70' title="bbox 1197 4448 2196 4543; baseline -0.005 -22"><span class='ocrx_word' id='word_1_608' title='bbox 1197 4452 1308 4523; x_wconf 90' lang='lat' dir='ltr'><strong>ritum</strong></span> <span class='ocrx_word' id='word_1_609' title='bbox 1327 4475 1476 4543; x_wconf 88' lang='lat' dir='ltr'><strong>peregre</strong></span> <span class='ocrx_word' id='word_1_610' title='bbox 1492 4450 1676 4520; x_wconf 89' lang='lat' dir='ltr'><strong>absentem</strong></span> <span class='ocrx_word' id='word_1_611' title='bbox 1692 4449 1811 4533; x_wconf 90' lang='lat' dir='ltr'><strong>misit,</strong></span> <span class='ocrx_word' id='word_1_612' title='bbox 1838 4448 1969 4519; x_wconf 88' lang='lat' dir='ltr'><strong>alteras</strong></span> <span class='ocrx_word' id='word_1_613' title='bbox 1985 4449 2031 4516; x_wconf 89' lang='lat' dir='ltr'><strong>ad</strong></span> <span class='ocrx_word' id='word_1_614' title='bbox 2056 4457 2196 4516; x_wconf 87' lang='lat' dir='ltr'><strong>amato·</strong></span> 
     </span>
     <span class='ocr_line' id='line_1_71' title="bbox 1198 4550 2196 4645; baseline -0.005 -20"><span class='ocrx_word' id='word_1_615' title='bbox 1198 4580 1294 4635; x_wconf 78' lang='lat' dir='ltr'><strong>rem:</strong></span> <span class='ocrx_word' id='word_1_616' title='bbox 1321 4555 1360 4622; x_wconf 94' lang='lat' dir='ltr'><strong>in</strong></span> <span class='ocrx_word' id='word_1_617' title='bbox 1384 4553 1616 4645; x_wconf 89' lang='lat' dir='ltr'><strong>inscriptione</strong></span> <span class='ocrx_word' id='word_1_618' title='bbox 1640 4551 1735 4622; x_wconf 89' lang='lat' dir='ltr'><strong>tituli</strong></span> <span class='ocrx_word' id='word_1_619' title='bbox 1755 4552 1910 4636; x_wconf 87' lang='lat' dir='ltr'><strong>erravit,</strong></span> <span class='ocrx_word' id='word_1_620' title='bbox 1937 4563 1974 4620; x_wconf 92' lang='lat' dir='ltr'><strong>et</strong></span> <span class='ocrx_word' id='word_1_621' title='bbox 1998 4551 2048 4620; x_wconf 89' lang='lat' dir='ltr'><strong>ita</strong></span> <span class='ocrx_word' id='word_1_622' title='bbox 2069 4550 2196 4620; x_wconf 87' lang='lat' dir='ltr'><strong>literae</strong></span> 
     </span>
     <span class='ocr_line' id='line_1_72' title="bbox 1199 4653 2197 4749; baseline -0.004 -23"><span class='ocrx_word' id='word_1_623' title='bbox 1199 4661 1246 4728; x_wconf 93' lang='lat' dir='ltr'><strong>ad</strong></span> <span class='ocrx_word' id='word_1_624' title='bbox 1270 4669 1469 4727; x_wconf 91' lang='lat' dir='ltr'><strong>amatorem</strong></span> <span class='ocrx_word' id='word_1_625' title='bbox 1493 4656 1646 4749; x_wconf 89' lang='lat' dir='ltr'><strong>scriptae</strong></span> <span class='ocrx_word' id='word_1_626' title='bbox 1671 4667 1914 4747; x_wconf 89' lang='lat' dir='ltr'><strong>pervenerunt</strong></span> <span class='ocrx_word' id='word_1_627' title='bbox 1939 4655 1984 4723; x_wconf 91' lang='lat' dir='ltr'><strong>ad</strong></span> <span class='ocrx_word' id='word_1_628' title='bbox 2009 4653 2197 4737; x_wconf 85' lang='lat' dir='ltr'><strong>maritum,</strong></span> 
     </span>
     <span class='ocr_line' id='line_1_73' title="bbox 1199 4753 2197 4848; baseline -0.006 -16"><span class='ocrx_word' id='word_1_629' title='bbox 1199 4776 1235 4832; x_wconf 91' lang='lat' dir='ltr'><strong>et</strong></span> <span class='ocrx_word' id='word_1_630' title='bbox 1252 4762 1298 4831; x_wconf 90' lang='lat' dir='ltr'><strong>ad</strong></span> <span class='ocrx_word' id='word_1_631' title='bbox 1316 4763 1443 4830; x_wconf 91' lang='lat' dir='ltr'><strong>ducem</strong></span> <span class='ocrx_word' id='word_1_632' title='bbox 1459 4758 1612 4848; x_wconf 92' lang='lat' dir='ltr'><strong>scriptae</strong></span> <span class='ocrx_word' id='word_1_633' title='bbox 1626 4758 1789 4827; x_wconf 88' lang='lat' dir='ltr'><strong>redditae</strong></span> <span class='ocrx_word' id='word_1_634' title='bbox 1804 4771 1887 4829; x_wconf 93' lang='lat' dir='ltr'><strong>sunt</strong></span> <span class='ocrx_word' id='word_1_635' title='bbox 1903 4756 2070 4829; x_wconf 88' lang='lat' dir='ltr'><strong>amatori.</strong></span> <span class='ocrx_word' id='word_1_636' title='bbox 2112 4753 2197 4826; x_wconf 81' lang='lat' dir='ltr'><strong>Dux</strong></span> 
     </span>
     <span class='ocr_line' id='line_1_74' title="bbox 1199 4859 2198 4954; baseline -0.003 -22"><span class='ocrx_word' id='word_1_637' title='bbox 1199 4865 1324 4936; x_wconf 89' lang='lat' dir='ltr'><strong>videus</strong></span> <span class='ocrx_word' id='word_1_638' title='bbox 1342 4875 1376 4933; x_wconf 90' lang='lat' dir='ltr'><strong>et</strong></span> <span class='ocrx_word' id='word_1_639' title='bbox 1389 4863 1510 4954; x_wconf 87' lang='lat' dir='ltr'><strong>legens</strong></span> <span class='ocrx_word' id='word_1_640' title='bbox 1527 4862 1606 4933; x_wconf 92' lang='lat' dir='ltr'><strong>illas</strong></span> <span class='ocrx_word' id='word_1_641' title='bbox 1621 4862 1744 4931; x_wconf 90' lang='lat' dir='ltr'><strong>literas</strong></span> <span class='ocrx_word' id='word_1_642' title='bbox 1764 4864 1810 4931; x_wconf 89' lang='lat' dir='ltr'><strong>ad</strong></span> <span class='ocrx_word' id='word_1_643' title='bbox 1827 4873 2027 4931; x_wconf 87' lang='lat' dir='ltr'><strong>amatorem</strong></span> <span class='ocrx_word' id='word_1_644' title='bbox 2045 4859 2198 4951; x_wconf 85' lang='lat' dir='ltr'><strong>scriptas</strong></span> 
     </span>
     <span class='ocr_line' id='line_1_75' title="bbox 1199 4963 2197 5059; baseline -0.01 -19"><span class='ocrx_word' id='word_1_645' title='bbox 1199 4969 1319 5040; x_wconf 90' lang='lat' dir='ltr'><strong>statim</strong></span> <span class='ocrx_word' id='word_1_646' title='bbox 1337 4967 1518 5059; x_wconf 82' lang='lat' dir='ltr'><strong>proiectus</strong></span> <span class='ocrx_word' id='word_1_647' title='bbox 1536 4978 1588 5036; x_wconf 90' lang='lat' dir='ltr'><strong>est</strong></span> <span class='ocrx_word' id='word_1_648' title='bbox 1603 4964 1811 5035; x_wconf 89' lang='lat' dir='ltr'><strong>Palatinum</strong></span> <span class='ocrx_word' id='word_1_649' title='bbox 1828 4967 1874 5034; x_wconf 89' lang='lat' dir='ltr'><strong>ad</strong></span> <span class='ocrx_word' id='word_1_650' title='bbox 1892 4963 2080 5056; x_wconf 83' lang='lat' dir='ltr'><strong>coniugem</strong></span> <span class='ocrx_word' id='word_1_651' title='bbox 2092 4986 2197 5033; x_wconf 92' lang='lat' dir='ltr'><strong>suam</strong></span> 
     </span>
     <span class='ocr_line' id='line_1_76' title="bbox 1199 5066 2199 5161; baseline -0.004 -21"><span class='ocrx_word' id='word_1_652' title='bbox 1199 5071 1295 5141; x_wconf 92' lang='lat' dir='ltr'><strong>etin</strong></span> <span class='ocrx_word' id='word_1_653' title='bbox 1320 5070 1440 5161; x_wconf 89' lang='lat' dir='ltr'><strong>primo</strong></span> <span class='ocrx_word' id='word_1_654' title='bbox 1466 5081 1658 5161; x_wconf 90' lang='lat' dir='ltr'><strong>conspectu</strong></span> <span class='ocrx_word' id='word_1_655' title='bbox 1685 5091 1763 5136; x_wconf 88' lang='lat' dir='ltr'><strong>eam</strong></span> <span class='ocrx_word' id='word_1_656' title='bbox 1788 5067 1984 5147; x_wconf 79' lang='lat' dir='ltr'><strong>interiecit:</strong></span> <span class='ocrx_word' id='word_1_657' title='bbox 2016 5066 2199 5159; x_wconf 79' lang='lat' dir='ltr'><strong>proiectus</strong></span> 
     </span>
     <span class='ocr_line' id='line_1_77' title="bbox 1200 5169 2198 5266; baseline -0.005 -24"><span class='ocrx_word' id='word_1_658' title='bbox 1200 5187 1323 5266; x_wconf 87' lang='lat' dir='ltr'><strong>postea</strong></span> <span class='ocrx_word' id='word_1_659' title='bbox 1342 5185 1395 5244; x_wconf 87' lang='lat' dir='ltr'><strong>est</strong></span> <span class='ocrx_word' id='word_1_660' title='bbox 1410 5171 1567 5241; x_wconf 86' lang='lat' dir='ltr'><strong>Romam</strong></span> <span class='ocrx_word' id='word_1_661' title='bbox 1584 5185 1619 5242; x_wconf 91' lang='lat' dir='ltr'><strong>et</strong></span> <span class='ocrx_word' id='word_1_662' title='bbox 1633 5171 1817 5242; x_wconf 90' lang='lat' dir='ltr'><strong>absolutus</strong></span> <span class='ocrx_word' id='word_1_663' title='bbox 1838 5196 1858 5241; x_wconf 90' lang='lat' dir='ltr'><strong>a</strong></span> <span class='ocrx_word' id='word_1_664' title='bbox 1873 5172 1997 5264; x_wconf 88' lang='lat' dir='ltr'><strong>Papa,</strong></span> <span class='ocrx_word' id='word_1_665' title='bbox 2024 5182 2060 5239; x_wconf 90' lang='lat' dir='ltr'><strong>et</strong></span> <span class='ocrx_word' id='word_1_666' title='bbox 2078 5169 2198 5262; x_wconf 89' lang='lat' dir='ltr'><strong>impo-</strong></span> 
     </span>
     <span class='ocr_line' id='line_1_78' title="bbox 1199 5273 2092 5360; baseline -0.008 -11"><span class='ocrx_word' id='word_1_667' title='bbox 1199 5278 1266 5349; x_wconf 86' lang='lat' dir='ltr'><strong>sita</strong></span> <span class='ocrx_word' id='word_1_668' title='bbox 1282 5275 1315 5346; x_wconf 91' lang='lat' dir='ltr'><strong>ei</strong></span> <span class='ocrx_word' id='word_1_669' title='bbox 1331 5275 1545 5360; x_wconf 86' lang='lat' dir='ltr'><strong>satisfactio,</strong></span> <span class='ocrx_word' id='word_1_670' title='bbox 1572 5289 1613 5346; x_wconf 90' lang='lat' dir='ltr'><strong>nt</strong></span> <span class='ocrx_word' id='word_1_671' title='bbox 1629 5277 1801 5344; x_wconf 89' lang='lat' dir='ltr'><strong>conderet</strong></span> <span class='ocrx_word' id='word_1_672' title='bbox 1816 5273 2092 5344; x_wconf 91' lang='lat' dir='ltr'><strong>monasterium.</strong></span> 
     </span>
    </p>
   </div>
   <div class='ocr_carea' id='block_1_20' title="bbox 1303 5379 2197 5485">
    <p class='ocr_par' dir='ltr' id='par_1_21' title="bbox 1303 5379 2197 5485">
     <span class='ocr_line' id='line_1_79' title="bbox 1303 5379 2197 5485; baseline -0.009 -18"><span class='ocrx_word' id='word_1_673' title='bbox 1303 5393 1423 5467; x_wconf 85' lang='lat' dir='ltr'><strong>Clllll.</strong></span> <span class='ocrx_word' id='word_1_674' title='bbox 1457 5394 1498 5465; x_wconf 94' lang='lat' dir='ltr'><strong>ln</strong></span> <span class='ocrx_word' id='word_1_675' title='bbox 1513 5396 1607 5466; x_wconf 87' lang='lat' dir='ltr'><strong>bello</strong></span> <span class='ocrx_word' id='word_1_676' title='bbox 1626 5379 1891 5466; x_wconf 84' lang='lat' dir='ltr'><strong>Mediolanensi</strong></span> <span class='ocrx_word' id='word_1_677' title='bbox 1907 5392 2032 5466; x_wconf 89' lang='lat' dir='ltr'><strong>Gallus</strong></span> <span class='ocrx_word' id='word_1_678' title='bbox 2048 5388 2197 5485; x_wconf 77' lang='lat' dir='ltr'><strong>quidem</strong></span> 
     </span>
    </p>
   </div>
   <div class='ocr_carea' id='block_1_21' title="bbox 1199 5491 2198 5592">
    <p class='ocr_par' dir='ltr' id='par_1_22' title="bbox 1199 5491 2198 5592">
     <span class='ocr_line' id='line_1_80' title="bbox 1199 5491 2198 5592; baseline -0.01 -23"><span class='ocrx_word' id='word_1_679' title='bbox 1199 5498 1346 5570; x_wconf 88' lang='lat' dir='ltr'><strong>divertit</strong></span> <span class='ocrx_word' id='word_1_680' title='bbox 1368 5502 1464 5592; x_wconf 91' lang='lat' dir='ltr'><strong>apud</strong></span> <span class='ocrx_word' id='word_1_681' title='bbox 1486 5499 1603 5570; x_wconf 87' lang='lat' dir='ltr'><strong>virum</strong></span> <span class='ocrx_word' id='word_1_682' title='bbox 1628 5495 1840 5584; x_wconf 90' lang='lat' dir='ltr'><strong>honestum,</strong></span> <span class='ocrx_word' id='word_1_683' title='bbox 1883 5497 1940 5568; x_wconf 93' lang='lat' dir='ltr'><strong>cui</strong></span> <span class='ocrx_word' id='word_1_684' title='bbox 1965 5506 2043 5564; x_wconf 89' lang='lat' dir='ltr'><strong>erat</strong></span> <span class='ocrx_word' id='word_1_685' title='bbox 2068 5504 2103 5562; x_wconf 87' lang='lat' dir='ltr'><strong>et</strong></span> <span class='ocrx_word' id='word_1_686' title='bbox 2123 5491 2198 5561; x_wconf 84' lang='lat' dir='ltr'><strong>lor-</strong></span> 
     </span>
    </p>
   </div>
   <div class='ocr_carea' id='block_1_22' title="bbox 153 5592 2198 5698">
    <p class='ocr_par' dir='ltr' id='par_1_23' title="bbox 153 5592 2198 5698">
     <span class='ocr_line' id='line_1_81' title="bbox 153 5592 2198 5698; baseline -0.001 -29"><span class='ocrx_word' id='word_1_687' title='bbox 153 5598 318 5669; x_wconf 83' lang='lat' dir='ltr'><strong>in&#39;illum</strong></span> <span class='ocrx_word' id='word_1_688' title='bbox 344 5600 574 5671; x_wconf 82' lang='lat' dir='ltr'><strong>confidebant</strong></span> <span class='ocrx_word' id='word_1_689' title='bbox 599 5612 635 5670; x_wconf 89' lang='lat' dir='ltr'><strong>et</strong></span> <span class='ocrx_word' id='word_1_690' title='bbox 656 5600 886 5677; x_wconf 85' lang='lat' dir='ltr'><strong>invocabant.</strong></span> <span class='ocrx_word' id='word_1_691' title='bbox 951 5598 1152 5698; x_wconf 83' lang='lat' dir='ltr'><strong>Postquam</strong></span> <span class='ocrx_word' id='word_1_692' title='bbox 1201 5627 1301 5674; x_wconf 90' lang='lat' dir='ltr'><strong>mosa</strong></span> <span class='ocrx_word' id='word_1_693' title='bbox 1316 5627 1420 5674; x_wconf 83' lang='lat' dir='ltr'><strong>uxor.</strong></span> <span class='ocrx_word' id='word_1_694' title='bbox 1472 5603 1598 5674; x_wconf 86' lang='lat' dir='ltr'><strong>Gallus</strong></span> <span class='ocrx_word' id='word_1_695' title='bbox 1614 5628 1692 5673; x_wconf 89' lang='lat' dir='ltr'><strong>cum</strong></span> <span class='ocrx_word' id='word_1_696' title='bbox 1709 5627 1821 5673; x_wconf 76' lang='lat' dir='ltr'><strong>uxore</strong></span> <span class='ocrx_word' id='word_1_697' title='bbox 1843 5600 1903 5670; x_wconf 74' lang='lat' dir='ltr'><strong>illa</strong></span> <span class='ocrx_word' id='word_1_698' title='bbox 1926 5595 2075 5669; x_wconf 63' lang='lat' dir='ltr'><strong>lucrina</strong></span> <span class='ocrx_word' id='word_1_699' title='bbox 2095 5592 2198 5691; x_wconf 88' lang='lat' dir='ltr'><strong>loqui</strong></span> 
     </span>
    </p>
   </div>
   <div class='ocr_carea' id='block_1_23' title="bbox 208 5715 739 5784">
    <p class='ocr_par' dir='ltr' id='par_1_24' title="bbox 208 5715 739 5784">
     <span class='ocr_line' id='line_1_82' title="bbox 208 5715 739 5784; baseline 0.002 -1"><span class='ocrx_word' id='word_1_700' title='bbox 208 5715 393 5784; x_wconf 70' lang='lat' dir='ltr'><strong>llrnarrra.</strong></span> <span class='ocrx_word' id='word_1_701' title='bbox 415 5716 524 5784; x_wconf 71' lang='lat' dir='ltr'><strong>om.</strong></span> <span class='ocrx_word' id='word_1_702' title='bbox 556 5717 643 5784; x_wconf 80' lang='lat' dir='ltr'><strong>von.</strong></span> <span class='ocrx_word' id='word_1_703' title='bbox 664 5718 739 5784; x_wconf 69' lang='lat' dir='ltr'><strong>XL</strong></span> 
     </span>
    </p>
   </div>
   <div class='ocr_carea' id='block_1_24' title="bbox 1726 5698 1778 5775">
    <p class='ocr_par' dir='ltr' id='par_1_25' title="bbox 1726 5698 1778 5775">
     <span class='ocr_line' id='line_1_83' title="bbox 1726 5698 1778 5775; baseline 0 0"><span class='ocrx_word' id='word_1_704' title='bbox 1726 5698 1778 5775; x_wconf 70' lang='lat'><strong>³5</strong></span> 
     </span>
    </p>
   </div>
   <div class='ocr_carea' id='block_1_25' title="bbox 0 0 2575 6516">
    <p class='ocr_par' dir='ltr' id='par_1_26' title="bbox 0 0 2575 6516">
     <span class='ocr_line' id='line_1_84' title="bbox 0 0 2575 6516; baseline 0 0"><span class='ocrx_word' id='word_1_705' title='bbox 0 0 2575 6516; x_wconf 95' lang='lat' dir='ltr'><strong> </strong></span> 
     </span>
    </p>
   </div>
  </div>
 </body>
</html>
