5125 6525
292 405 367 478 659
809 397 931 471 PHIL.
958 397 1071 470 MEL.
1099 394 1302 468 SCRIPTA
1326 388 1457 464 Vinii
1483 394 1786 468 ARGUMEN'I'I.
2062 448 2067 476 r,
2248 396 2326 469 640

291 576 444 650 ecclesiis
471 586 621 666 propter
649 573 764 642 studia
798 586 833 641 et
865 574 910 641 ad
945 572 1090 640 alendos
1115 581 1275 662 pastores
1326 581 1448 638 neant.
1500 567 1547 637 Et
1561 568 1648 637 novi
1662 593 1703 637 ac
1723 566 1905 658 peregrini
1928 568 2040 658 magis
2064 580 2148 638 sunt
2174 569 2325 638 obnoxii

290 691 501 751 manserunt
519 701 627 768 penes
644 671 855 745 Monacbos.
1299 608 1303 739 l
1327 671 1498 740 invidiae.
1548 672 1641 738 Hinc
1664 671 1831 739 oriuntur
1855 671 2051 738 certamina
2074 683 2109 738 et
2135 670 2323 743 factiones.

394 782 482 851 Cum
505 792 622 848 autem
647 778 720 846 iam
746 790 929 845 mutentur
950 773 1190 856 Monasteria,
1221 796 1276 840 re-
1327 774 1520 843 Prodesset
1534 774 1834 841 tamenadfamae
1849 772 2089 840 celebritatem
2106 772 2192 840 addi
2208 798 2322 843 unum

292 885 485 954 ctissimum
512 893 582 962 est,
624 893 664 948 ut
687 882 780 948 bona
805 903 926 948 rursus
949 878 1208 946 transferantur
1231 877 1276 942 ad
1330 876 1499 968 aliquem,
1514 876 1576 966 qui
1598 876 1823 943 antecelleret
1839 875 1998 957 caeteris,
2025 886 2060 942 et
2077 876 2172 943 tueri
2189 879 2322 946 virtute

291 987 465 1055 iuvandas
484 981 647 1051 ecclesias
670 995 704 1049 et
724 978 882 1061 scholas,
914 1004 954 1047 ac
977 981 1022 1047 ad
1046 980 1191 1046 alendos
1215 1000 1276 1068 pa·
1329 980 1446 1047 locum
1465 991 1595 1069 posset.
1649 977 1775 1045 Talem
1790 977 1910 1046 iudico
1926 1001 1999 1046 esse
2013 973 2239 1047 loacbimum
2257 979 2322 1048 Ca-

258 1101 404 1180 ,stores
433 1097 468 1152 et
496 1107 670 1175 pauperes
700 1079 939 1153 scholasticos.
1005 1082 1119 1151 Nemo
1148 1079 1279 1146 militat
1329 1080 1545 1163 merarium,
1571 1078 1969 1172 quiTubingaeest¹¹),
1997 1078 2059 1171 qui
2075 1092 2226 1171 propter
2243 1105 2322 1150 eru-

292 1189 363 1263 suis
380 1187 585 1277 stipendiis,
608 1185 726 1277 inquit
738 1183 942 1274 Paulus5').
972 1180 1018 1250 Et
1029 1178 1097 1250 bae
1116 1205 1200 1272 opes
1216 1183 1277 1248 da·
1330 1184 1504 1253 ditionem
1532 1206 1662 1272 magno
1686 1182 1765 1252 usui
1797 1194 1887 1251 esset
1916 1182 2057 1250 futurus
2080 1178 2254 1265 Scholae,
2288 1197 2322 1252 et

291 1288 389 1386 taet)
403 1287 671 1367 suntEcclesiis,
698 1300 737 1354 ut
753 1287 824 1355 sint
839 1286 1014 1375 stipendia
1031 1284 1234 1352 docentium
1245 1283 1286 1380 ⁷)
1330 1311 1448 1369 mores
1475 1284 1549 1353 eius
1567 1296 1649 1353 sunt
1672 1283 1943 1365 modestissimi,
1976 1296 2010 1351 et
2036 1296 2166 1353 natura
2190 1280 2322 1355 abbor-

295 1408 331 1464 et
346 1392 569 1461 discentium.
621 1386 716 1456 ldem
741 1388 926 1455 clamitant
950 1399 1085 1454 veteres
1112 1409 1277 1453 canones.
1330 1386 1678 1457 rensafactionibus
1695 1399 1729 1454 et
1743 1386 1941 1456 discordiis.
1999 1383 2175 1456 Existimo
2200 1400 2320 1458 autem

292 1496 377 1565 Ideo
393 1492 481 1562 boni
498 1490 565 1556 viri
583 1503 617 1557 et
631 1503 794 1580 potentes
811 1491 848 1556 in
863 1489 1058 1579 Republica
1067 1487 1099 1582 8)
1115 1487 1280 1555 annitan-
1331 1513 1433 1582 posse
1451 1489 1483 1556 ei
1501 1489 1719 1580 persuaderi,
1735 1502 1775 1558 ut
1790 1514 1826 1558 se
1841 1491 1885 1557 ad
1902 1513 1965 1557 vos
1980 1489 2150 1559 conferat.
2176 1487 2223 1559 Et
2239 1514 2323 1581 pos-

292 1612 352 1667 tur
366 1594 532 1679 amitibus
546 1592 703 1675 viribus,
734 1605 774 1660 ut
794 1616 836 1664 ex
861 1591 987 1681 opibus
1003 1586 1279 1678 Monacborum,
1331 1605 1384 1672 set
1400 1616 1473 1668 esse
1491 1593 1710 1681 gubernator
1728 1590 1836 1665 totins
1853 1585 2098 1682 Philosophici
2111 1590 2231 1663 studii.
2265 1590 2322 1661 lu·

292 1709 466 1793 quantum
486 1695 640 1762 obtineri
656 1700 785 1785 po'test,
802 1694 1066 1761 constituantur
1082 1688 1279 1761 Parochiae
1331 1697 1411 1763 dico
1434 1693 1539 1761 etiam
1566 1693 1751 1786 Micyllum
1777 1718 1817 1761 ac
1840 1694 2039 1762 Sturmium
2059 1695 2205 1763 idoneos
2229 1717 2323 1764 esse.

292 1813 327 1868 et
345 1794 507 1867 Scholae.
558 1795 671 1885 Saepe
687 1797 785 1865 soleo
803 1820 866 1885 per
882 1797 998 1864 iocum
1016 1796 1164 1863 recitare
1184 1807 1279 1862 vete·
1331 1798 1400 1868 Sed
1413 1795 1611 1878 Sturmium
1630 1797 1689 1864 vix
1703 1796 1858 1874 dimittet
1870 1796 2079 1886 Argentina.

286 1925 369 1983 rem
391 1898 605 1986 versiculum
628 1900 672 1965 de
694 1893 767 1976 bis,
798 1897 860 1990 qui
891 1897 1044 1988 accusati
1071 1897 1109 1982 ip
1141 1896 1280 1990 iudiciis
1432 1897 1535 1990 Opus
1567 1912 1618 1968 est
1650 1897 1757 1980 otiam
1781 1900 1883 1980 uobis
1905 1894 2160 1981 Mathematico
2185 1897 2323 1988 profes·

289 1978 464 2107 praedam
495 1989 704 2094 dividebant
728 2024 807 2092 cum
831 1998 1025 2090 iudicibus,
1066 2013 1106 2069 ut
1126 2026 1162 2082 se
1186 1999 1280 2078 redi·
1330 2025 1432 2085 aare,
1464 2002 1508 2073 de
1534 2027 1605 2095 quo
1629 2000 1666 2073 in
1689 2002 1876 2079 consilium
1901 1996 2124 2073 adhibendus
2146 1999 2323 2072 eritBor-

237 2085 253 2098 ⁴
292 2080 444 2192 merent.
495 2100 676 2188 Sententia
693 2102 855 2182 versiculi
874 2098 962 2172 baec
981 2114 1049 2178 esi:
1079 2103 1149 2193 Qui
1167 2101 1279 2177 multa
1331 2128 1451 2174 uerus.

291 2210 431 2277 furatus
448 2217 511 2284 est,
538 2217 572 2271 et
589 2228 699 2295 pauca
718 2207 780 2271 dat
794 2205 915 2285 iudici,
944 2204 1108 2285 elabitur,
1124 2201 1144 2275 ὃ
1163 2197 1280 2275 πολλοὶ
1421 2204 1480 2273 Ἐἰ
1506 2207 1595 2273 ordo
1618 2207 1811 2275 lectionum
1838 2208 2134 2297 praescribendus
2159 2218 2251 2276 esset
2281 2229 2322 2274 ac

292 2305 451 2403 κλέψας,
476 2302 539 2376 καὶ
556 2301 664 2403 ὀλίγα
678 2301 786 2390 δοὺς,
814 2300 1039 2401 ἐκφεύξεται.
1092 2305 1149 2374 Sic
1164 2307 1206 2373 de
1224 2300 1280 2373 bis
1332 2321 1448 2377 certus
1484 2332 1654 2377 numerus
1689 2309 1954 2396 ordinariorum
1990 2310 2185 2379 lectionum
2221 2308 2321 2379 insti-

293 2407 870 2499 direptionibusmonasteriorum
890 2408 1183 2488 interdumdico,
1208 2405 1280 2475 Eos
1333 2413 1506 2491 tuendus,
1533 2410 1697 2479 videlicet
1718 2425 1817 2493 octo,
1845 2426 1905 2481 aut
1922 2413 2072 2483 circiter.

296 2512 358 2604 qui
376 2522 499 2577 tenent
516 2509 594 2577 illas
610 2509 867 2598 possessiones,
901 2508 931 2577 si
946 2511 1070 2577 saltem
1090 2533 1201 2600 pauca
1220 2512 1280 2577 de·
1384 2508 1534 2603 Physica
1554 2512 1755 2583 Aristotelis

295 2614 454 2681 ciderent
468 2611 512 2677 ad
528 2608 702 2680 Ecclesias
718 2623 753 2678 et
767 2606 914 2684 Scholas
927 2611 1115 2696 iuvandas,
1139 2611 1279 2696 veniam
1383 2614 1579 2692 Dialectica
1594 2615 1796 2687 Aristotelis

294 2735 439 2805 sperare
471 2735 587 2802 posse.
665 2711 822 2782 Caeteris
852 2714 1010 2803 profecto
1040 2715 1139 2783 nullo
1171 2715 1280 2804 modo
1385 2715 1570 2801 Elementa
1587 2716 1796 2800 Dialectices
1814 2744 1854 2788 ac
1869 2716 2078 2790 Rhetorices
2099 2731 2140 2789 ut
2155 2717 2324 2790 Caesarei

285 2815 554 2905 ¹ignoscendum·
566 2827 637 2894 est,
664 2815 725 2905 qui
743 2816 923 2884 devoratis
938 2811 994 2884 bis
1010 2816 1138 2905 opibus
1159 2817 1283 2886 sinunt
1384 2818 1576 2888 Dialectica

294 2929 456 3008 pastores
473 2938 552 2982 cum
567 2914 712 2983 familiis
726 2916 820 2983 fame
837 2917 975 3007 perire,
1001 2913 1140 2989 scbolas
1155 2919 1282 3002 deseri,
1385 2922 1530 2997 Pontica
1545 2922 1649 2992 lectio

296 3016 455 3108 extingui
470 3016 654 3084 literarum
673 3018 802 3088 studia.
853 3018 962 3088 Vides
979 3033 1117 3104 autem,
1147 3033 1280 3113 quanta
1385 3022 1556 3094 Oratoria
1576 3027 1680 3095 lectio
1698 3025 1915 3118 Quintiliani
1934 3040 1969 3097 et
1985 3027 2168 3100 Ciceronis

296 3119 342 3189 sit
358 3101 538 3208 opulentia
561 3120 816 3188 coenobiorum
844 3120 952 3190 totius
975 3121 1131 3193 ditionis.
1197 3120 1282 3193 lnde
1385 3126 1473 3200 ltem
1489 3124 1613 3198 Ethica
1632 3152 1697 3221 per
1713 3129 1818 3201 vices.

294 3222 325 3294 si
342 3222 386 3290 ad
403 3220 549 3302 reditus,
576 3246 665 3313 quos
683 3222 754 3290 iam
769 3216 1283 3309 babetAcademia,adderen-
1436 3226 1712 3307 Mathematicae
1739 3234 1842 3305 dnae.
1911 3232 2072 3326 Quarum
2105 3234 2220 3306 altera
2252 3248 2324 3306 tra·

295 3338 355 3406 tur
369 3322 437 3392 tria
457 3335 519 3393 aut
534 3336 690 3423 quatuor
704 3326 803 3394 milia
824 3350 1015 3398 aureorum
1035 3353 1174 3412 annua,
1201 3355 1282 3423 pos·
1334 3336 1451 3407 denda
1476 3346 1511 3404 et
1533 3336 1683 3408 subinde
1712 3339 1906 3428 repetenda
1934 3350 2018 3409 sunt
2042 3337 2251 3422 Elementa,
2283 3353 2325 3409 nt

295 3405 374 3519 sent
396 3421 545 3497 honesta
572 3427 747 3521 stipendia
772 3442 807 3496 et
821 3427 1038 3505 Doctoribus
1054 3446 1087 3500 et
1104 3433 1283 3527 aliquibus
1333 3433 1583 3519 Aritbmetica.
1623 3437 1753 3511 Libelli
1770 3443 1813 3512 de
1828 3437 2064 3536 sphaeran),
2088 3455 2124 3512 et
2137 3443 2323 3533 Secundus

293 3528 513 3621 pauperibus
528 3524 745 3600 scholasticis
762 3532 940 3628 constitui.
980 3533 1115 3605 Mirum
1134 3550 1185 3606 est
1200 3561 1284 3630 pro·
1334 3539 1456 3612 Plinii.
1523 3542 1580 3624 Ad
1609 3542 1757 3618 alteram
1789 3539 1989 3618 Theoricaa
2019 3524 2247 3618 Planeffnn
2284 3557 2322 3613 et

295 3631 408 3712 lecto,
443 3631 569 3699 sinon
592 3631 778 3722 impetrari
802 3647 939 3727 potest,
972 3649 1012 3704 ut
1034 3661 1075 3706 ex
1099 3651 1200 3707 tanto
1225 3664 1284 3709 cu·
1335 3644 1467 3715 similes
1487 3644 1570 3717 libri
1594 3645 1807 3736 pertineant.

296 3727 437 3825 mulo⁰)
455 3732 631 3799 tantillum
647 3735 833 3825 perveniat
849 3739 894 3805 ad
909 3733 1095 3823 Scholam,
1123 3753 1285 3834 quaeest
1340 3778 1355 3799 ι·
1437 3747 1574 3835 Graeca
1605 3750 1811 3840 praelectio.
1872 3751 1966 3824 Nam
1990 3753 2143 3825 Ebraica
2165 3757 2211 3825 ad
2235 3757 2322 3826 alte-

296 3832 528 3931 praecipuum
545 3847 797 3902 ornamentum
813 3837 922 3908 totius
937 3839 1095 3912 ditionis.
1146 3839 1284 3911 lncum·
1335 3873 1416 3920 runi
1433 3875 1475 3920 ex
1492 3847 1685 3943 Theologis
1709 3854 1876 3945 pertinet.

292 3930 357 4001 bes
380 3933 489 4022 igitur
510 3946 683 4026 quantum
706 3936 859 4027 poteris,
894 3953 934 4008 ut
962 3941 1098 4035 aliquid
1126 3942 1209 4013 inde
1239 3947 1283 4015 ad
1438 3951 1493 4022 Aa
1524 3950 1588 4024 bas
1611 3956 1867 4045 praelectiones
1895 3962 2061 4042 accedere
2095 3961 2322 4032 consuetudi-

294 4033 524 4113 Academiam
545 4035 737 4107 derivetur·
1336 4078 1419 4126 nem
1438 4057 1645 4147 disputandi
1659 4083 1701 4128 ac
1715 4062 1939 4132 declamandi
1952 4066 2109 4155 prodeat.

397 4132 437 4202 In
451 4135 635 4206 Facultate
652 4140 781 4209 artium
806 4137 945 4215 habetis
969 4144 1106 4240 aliquot
1126 4151 1284 4221 eruditos
1437 4156 1594 4231 lneunda
1612 4174 1664 4232 est
1678 4163 1786 4232 etiam
1802 4165 1908 4252 ratio,
1923 4179 1964 4237 ut
1978 4167 2089 4262 aliqui
2104 4168 2266 4259 praesint
2283 4169 2321 4236 in

293 4234 506 4327 Magistros,
531 4253 566 4309 et
583 4240 758 4327 rationem,
782 4240 908 4314 baberi
934 4251 1195 4341 praesentium,
1222 4254 1285 4347 qui
1337 4260 1502 4353 Collegiis
1525 4276 1694 4358 tanquam
1711 4270 1872 4339 custodes
1896 4282 1929 4338 et
1951 4271 2210 4360 gubernatores
2227 4272 2322 4342 illius

295 4350 377 4409 sunt
394 4340 534 4424 idonei,
561 4343 646 4411 utile
664 4358 716 4414 est
732 4349 852 4417 multis
873 4351 917 4420 de
941 4352 1065 4424 causis.
1125 4351 1283 4425 lnvitan·
1335 4364 1549 4453 inventutis,
1575 4391 1667 4462 quae
1683 4369 1732 4439 ibi
1753 4366 1902 4442 babitat.

296 4452 355 4509 tur
372 4443 466 4512 enim
478 4440 525 4538 ¹⁰)
545 4447 687 4531 caeteri,
703 4460 743 4516 ut
761 4449 798 4519 in
813 4450 1006 4523 Academia
1025 4456 1192 4534 libentius
1209 4483 1283 4527 ma-

296 4579 501 4594 -ι--ο--ι

1338 4524 1448 4535 —-....-.

1371 4600 1417 4659 li)
1435 4601 1477 4649 Ex
1501 4601 1542 4648 tiis
1566 4603 1662 4654 verbis
1686 4606 1868 4671 intelligitur,
1899 4609 1967 4659 baec
1990 4610 2061 4661 inter
2086 4620 2175 4658 annos
2202 4611 2272 4661 ¹5³5
2295 4614 2325 4659 et

330 4655 381 4713 ot)
403 4657 425 4706 i.
439 4658 504 4710 cor.
521 4659 549 4724 9,
567 4659 593 4709 7.
1405 4668 1480 4718 raet.
1500 4683 1564 4720 eeee
1583 4674 1696 4738 scripte.
1732 4675 1884 4739 inertiaque
1895 4679 2072 4732 camerarius
2090 4678 2165 4743 enin
2183 4690 2228 4730 aaa.
2245 4680 2322 4730 tm.

329 4736 360 4800 ⁶)
379 4737 473 4804 qm]
491 4739 575 4792 (μοι,
604 4744 668 4813 (1⁸19
1402 4738 1437 4785 ab
1450 4738 1543 4787 Uirieo
1557 4738 1632 4791 Duce
1641 4743 1897 4810 wirtembergensi
1910 4751 2058 4811 evocatus,
2077 4758 2180 4797 eaovo
2193 4749 2324 4811 aynan„

329 4819 361 4884 7)
378 4822 546 4891 docentium]
565 4829 647 4879 cod:
673 4833 815 4885 docentum
1402 4805 1772 4936 :nlfflzffiffgffiffss
1783 4815 1900 4940 ffinw
1917 4828 1962 4866 ⁸¹¹·
1977 4816 2229 4936 ¹⁶Jh⁷¹9⁰⁷⁰⁰m⁵
2242 4821 2323 4937 ¹⁰3&

329 4908 360 4969 e)
380 4907 646 4973 maneamne:
670 4919 774 4981 napus.
1518 4926 1535 4940 ··
1870 4898 1981 4950 ΕΜ
2064 4899 2162 4949 ”¹⁷⁰⁰
2179 4899 2225 4938 ‘⁰'

1401 4947 1517 4993 romine
1535 4948 1570 4995 ab
1587 4948 1722 5013 ilenrico,
1744 4953 1819 5002 Duce
1837 4955 1991 5015 saxoniae,
2015 4955 2136 5017 [lipsiam
2153 4954 2247 5016 venit,
2267 4955 2325 5006 nt-

329 4989 360 5059 it)
379 4995 502 5057 annoto]
520 4997 602 5052 cod:
628 5005 735 5054 rumulo
1403 5024 1454 5073 qne
1472 5014 1559 5067 bonae
1578 5017 1677 5069 iiteree
1695 5020 1814 5071 tettotter
1831 5023 1931 5074 docuit

333 5076 378 5149 19)
399 5077 482 5145 enin]
503 5082 569 5144 cod.
587 5085 667 5147 tebet
685 5088 841 5152 scripturae
859 5094 1062 5156 compendium:
1089 5109 1125 5149 αι.
1370 5095 1417 5164 ¹2)
1435 5098 1584 5169 sentem]
1603 5101 1686 5156 ⁰⁰&
1709 5108 1825 5176 fillis&

1117 5378 1495 5395 m-
