5125 6525
243 1465 277 1546 1.
338 1464 515 1548 Pfllh.
551 1462 706 1551 Mel..
744 1464 1171 1552 Pulvlhuttla
1200 1464 1622 1553 nonnullum
1655 1469 2078 1557 hlPSlENSlS.

145 1674 255 1790 Haec
277 1732 435 1807 Pririlegia
455 1730 488 1793 h.
510 1732 532 1791 l.
555 1730 611 1790 edo
634 1748 673 1788 ex
693 1730 891 1791 Bibliothecae
913 1732 1141 1811 [lemburgensis
1161 1735 1296 1813 publicae
1318 1732 1419 1791 codice
1449 1734 1542 1794 chart.
1572 1755 1654 1796 num.
1676 1733 1730 1796 27.
1757 1735 1873 1795 formae
1902 1739 2048 1796 maximae
2073 1736 2181 1818 (rot),

146 1819 196 1894 qui
217 1829 337 1893 praeter
357 1816 416 1874 alia
436 1816 579 1875 litteraria
602 1816 682 1874 varia
703 1836 772 1896 pag.
795 1814 948 1879 81-90.
971 1820 1119 1877 continet:
1150 1814 1335 1898 „Philipp
1356 1814 1548 1898 Privilegio
1572 1818 1777 1880 Academiae
1799 1816 2033 1900 Lipsiensia'.”
2079 1824 2180 1883 Princo

144 1902 254 1978 pagina
267 1900 319 1963 81.
343 1902 458 1960 nonnisi
478 1901 556 1959 hunc
578 1900 699 1961 exhibet
719 1902 865 1979 indicem,
892 1922 960 1981 pag.
975 1901 1028 1964 82.
1050 1904 1115 1963 albe
1129 1914 1191 1980 est,
1218 1923 1290 1984 pag.
1304 1900 1454 1966 83—90.
1488 1904 1629 1983 (quarum
1652 1918 1766 1985 septem
1789 1908 1903 1983 priores
1926 1904 2064 1969 17-21
2087 1908 2182 1967 lineae

144 1984 273 2059 habent,
297 1998 433 2045 extrema
445 2004 516 2046 vero
539 1998 651 2045 tantum
676 1987 716 2048 14
736 1984 843 2067 lineas)
867 1989 929 2066 ipsa
942 1988 1099 2067 Pririlegia
1119 1991 1271 2049 continent
1294 2009 1351 2047 non
1373 1990 1465 2067 ipsius
1486 1992 1611 2049 auctoris
1634 2009 1722 2049 manu
1746 2002 1884 2064 exarata,
1907 1993 1960 2053 ced
1981 1996 2019 2055 ab
2034 1992 2093 2051 alio
2107 2013 2178 2070 quo·
2209 1997 2220 2018 ”·

145 2071 212 2129 dem
234 2071 391 2152 descripta.

993 2289 1340 2304 w

479 2489 905 2565 PRIVILEGIA
950 2489 1373 2565 AGADEMIAE
1427 2490 1846 2569 LlPSIENSIS

727 2621 955 2686 nurnero
988 2624 1327 2689 netlurfloun
1359 2625 1600 2686 nucroau.

250 2808 368 2879 Habet
395 2810 588 2879 Academia
619 2810 759 2901 Lipsica
793 2808 1066 2885 iurisconsultus
1103 2827 1138 2884 et

146 2912 308 2982 Medicus
332 2914 516 2983 excellenti
542 2914 706 2982 doctrina
728 2925 764 2982 et
787 2915 915 3005 peritia
940 2918 1137 3007 praeditos.

146 3016 269 3109 Quare
284 3011 340 3085 his
356 3016 582 3085 facultatibus
597 3015 718 3084 idonei
737 3019 956 3107 professores
981 3043 1055 3087 non
1077 3021 1137 3088 dc-

146 3131 240 3190 sunt.
307 3117 492 3208 Stipendia
517 3120 636 3188 deesse
662 3119 781 3188 audio.
839 3119 936 3189 Utile
961 3135 1051 3192 esset
1076 3146 1138 3191 au-

146 3235 220 3291 tem
235 3220 273 3289 in
291 3221 355 3289 tali
370 3233 406 3289 et
421 3234 494 3290 tam
513 3221 644 3291 celebri
664 3223 752 3292 urbe
777 3234 892 3293 certos
907 3220 1137 3294 Iurisconsul-

147 3339 203 3396 tos
218 3337 402 3417 praestare
423 3325 667 3395 assiduitatem
684 3324 723 3391 in
749 3325 912 3413 legendo.
965 3325 1068 3394 Hanc
1093 3326 1138 3393 ad

148 3453 224 3497 rem
248 3410 343 3519 opib
359 3439 450 3497 esset
472 3424 658 3515 stipendiis
681 3426 927 3516 amplioribus.
990 3426 1137 3497 interim

148 3544 183 3599 et
197 3530 259 3598 alii
273 3532 423 3598 lectores
441 3523 615 3596 baberent
630 3523 780 3598 honesta
798 3528 987 3619 stipendia,
1014 3529 1139 3599 etiam-

149 3633 270 3704 sinon
286 3644 404 3701 essent
419 3630 564 3702 assidui.
615 3629 706 3700 Nam
725 3643 759 3700 et
773 3631 812 3697 in
828 3631 906 3701 aliis
923 3632 1138 3726 quibusdam

148 3734 352 3804 Academiis
381 3731 439 3803 hic
471 3760 549 3804 mos
578 3727 760 3816 servatur,
805 3746 845 3802 ut
874 3734 961 3802 certi
992 3736 1138 3830 quidem

148 3841 299 3910 lectores
313 3837 385 3908 sint
400 3837 552 3920 assidui,
579 3834 641 3903 alii
657 3837 729 3908 sint
744 3836 940 3906 liberiores.

252 3942 305 4011 Ac
316 3943 476 4032 prolecto
493 3943 679 4034 prodesset
693 3941 880 4010 universos
898 3941 1033 4011 reditus
1048 3941 1139 4009 Aca-

150 4046 289 4116 demiae
304 4044 343 4113 in
360 4068 587 4114 communem
598 4040 627 4138 ¹)
642 4045 764 4112 fiscum
790 4043 971 4126 conferre,
998 4056 1034 4112 et
1056 4043 1139 4111 inde

151 4149 365 4220 constituere
388 4148 565 4240 stipendia
588 4171 662 4215 non
685 4147 826 4229 otiosis,
850 4148 911 4215 sed
928 4147 1139 4237 professori·

149 4255 227 4323 bus.
279 4251 385 4322 Nunc
407 4253 503 4319 enim
527 4262 651 4320 contra
674 4249 947 4342 proportionem
968 4251 1140 4319 fruuntur

149 4356 323 4425 reditibus
336 4354 501 4445 Magistri
516 4353 554 4421 in
571 4352 749 4443 Collegiis.
801 4349 938 4421 Interea
954 4352 1140 4444 negligun-

149 4471 208 4529 tur
222 4458 398 4528 Doctores
413 4454 505 4527 luris
517 4469 553 4525 et
568 4455 781 4526 Medicinae.

251 4560 293 4630 ln
309 4557 510 4650 Theologia
527 4560 718 4628 lectoribus
736 4557 850 4627 tribus
873 4581 963 4648 opus
990 4570 1061 4640 est,
1087 4558 1139 4624 Ac

149 4689 245 4734 nunc
272 4661 408 4734 habent
433 4661 632 4754 Zciglerum
659 4675 694 4731 et
714 4655 956 4731 Schubelium.
1015 4658 1061 4727 Et
1100 4660 1139 4726 in

148 4763 205 4838 his
229 4767 340 4837 initiis
363 4767 480 4858 placet
504 4761 593 4835 mibi
616 4764 768 4834 alterum
786 4760 1010 4853 Theologum
1036 4763 1139 4832 susti-

150 4894 236 4939 nere
266 4895 397 4940 munus
425 4869 577 4939 docendi
605 4867 763 4959 linguam
787 4865 1026 4961 Ebraeamt),
1068 4889 1139 4959 qua

152 4985 245 5041 certe
262 4998 351 5066 opus
367 4987 419 5042 est
436 4975 481 5042 ad
498 4970 766 5062 intelligendum
782 4993 984 5039 sermonem
1002 4969 1040 5035 in
1055 4992 1139 5059 pro-

150 5071 301 5166 pheticis
323 5075 475 5166 scriptis.
535 5073 701 5166 Optarim
729 5084 848 5143 autem
873 5072 957 5141 addi
979 5072 1139 5154 tertium,

151 5191 187 5247 et
200 5201 276 5246 non
293 5177 407 5247 solum
423 5178 702 5268 praelectiones,
728 5175 909 5246 sedetiam
927 5174 1138 5266 disputatio·

188 5440 217 5507 l)
236 5444 421 5502 comunem]
436 5441 503 5492 cod.
521 5443 603 5492 hebet
620 5441 775 5507 scriptum
792 5440 994 5506 conpendium:
1012 5452 1121 5494 conon

184 5545 217 5605 t)
234 5542 394 5612 urceum]
414 5545 496 5597 cod:
520 5546 655 5612 ltbrpcn,

1189 2838 1252 2884 nes
1266 2814 1424 2896 institui,
1452 2816 1536 2908 quia
1554 2817 1592 2884 in
1618 2817 1782 2886 doctrina
1799 2815 2044 2902 Ecclesiastico
2069 2816 2182 2885 maxi·

1189 2941 1246 2984 me
1275 2940 1365 3007 opus
1397 2930 1448 2986 est
1481 2918 1652 2986 familiari
1685 2919 1875 2988 collatione
1902 2918 2119 2988 iudiciorum
2147 2931 2182 2987 et

1190 3019 1493 3090 testimoniorum.
1559 3019 1724 3114 Denique
1748 3021 1935 3111 multiplex
1966 3033 2019 3089 est
2045 3020 2181 3091 utilitas

1190 3121 1487 3211 disputationum.
1519 3120 1689 3191 Arbitror
1704 3135 1823 3191 autem
1841 3122 1880 3188 in
1898 3122 1974 3211 ipsa
1984 3120 2180 3189 Academia

1189 3221 1331 3314 Lipsica
1355 3222 1509 3291 inveniri
1537 3247 1640 3315 posse
1664 3224 1819 3317 aliquem
1846 3223 2015 3292 idoneum
2043 3224 2089 3292 ad
2111 3218 2181 3292 hoc
2227 3300 2232 3307 ,

1190 3349 1332 3395 munus.
1398 3323 1436 3395 si
1459 3325 1703 3409 desideratur,
1736 3326 1875 3419 aliquos
1894 3325 2083 3408 indicabo,
2118 3324 2182 3419 qui

1191 3440 1226 3495 et
1239 3426 1361 3496 idonei
1377 3441 1480 3509 sunt,
1506 3442 1542 3496 et
1554 3440 1701 3520 possent
1708 3425 1867 3519 Lipsiam
1884 3428 2051 3519 migrare.
2085 3427 2181 3498 Nam

1189 3525 1260 3598 hoc
1274 3542 1438 3620 tempore
1451 3530 1618 3622 migratio
1634 3531 1837 3624 plaerisque
1853 3530 2006 3599 difficilis
2023 3541 2093 3613 est,
2120 3540 2182 3598 aut

1190 3645 1340 3724 propter
1354 3632 1528 3717 familias,
1554 3646 1616 3702 aut
1633 3633 1717 3726 quia
1738 3632 1940 3703 retinentur
1955 3657 1976 3700 a
1993 3630 2077 3701 suis.

1292 3734 1368 3805 Nec
1394 3735 1479 3805 satis
1511 3748 1562 3805 est
1585 3731 1717 3805 habere
1740 3733 1908 3804 Lectores
1929 3729 2182 3824 Theologicos.

1190 3834 1350 3905 ineunda
1368 3851 1418 3907 est
1442 3837 1549 3906 etiam
1573 3838 1688 3921 ratio,
1716 3850 1757 3907 ut
1776 3861 1953 3929 pauperes
1979 3831 2182 3906 scholastici

1192 3941 1376 4008 doctrinae
1385 3939 1651 4009 Ecclesiasticae
1660 3940 1828 4010 destinati
1838 3942 1982 4008 alantur
1995 3935 2181 4028 stipendiis

1190 4042 1361 4133 publicis,
1396 4043 1479 4135 quia
1503 4042 1650 4112 ditiores
1673 4042 1939 4133 amplectuntur
1961 4040 2048 4107 alias
2075 4050 2181 4105 artes.
2308 4052 2311 4058 '

1192 4143 1313 4236 Quare
1328 4145 1485 4212 defuturi
1501 4157 1584 4214 sunt
1605 4156 1766 4235 pastores
1781 4141 1968 4223 Ecclesiis,
1993 4139 2063 4208 nisi
2076 4138 2181 4206 Prin·

1192 4247 1288 4338 cipes
1304 4259 1339 4314 et
1346 4245 1620 4339 Respublicae³)
1638 4259 1763 4315 curent
1781 4245 1829 4312 ali
1846 4240 2076 4314 scholasticos
2091 4262 2181 4330 pau-

1191 4373 1294 4438 peres
1313 4350 1490 4419 studiosos
1504 4349 1688 4418 doctrinae
1705 4345 1979 4425 ecclesiasticae,
2004 4355 2046 4412 ut
2071 4365 2113 4409 ex
2136 4363 2179 4408 eo

1192 4475 1344 4520 numero
1379 4451 1556 4541 eligantur
1588 4450 1743 4519 ministri
1776 4447 2043 4528 Ecclesiarum,
2090 4443 2181 4512 sicut

1192 4566 1340 4645 propter
1356 4550 1449 4622 hanc
1465 4555 1579 4645 ipsam
1604 4577 1746 4622 causam
1772 4549 1876 4619 initio
1902 4561 1985 4617 ante
2003 4545 2180 4616 Constan-

1192 4657 1307 4726 tinum
1331 4655 1488 4746 Collegia
1519 4655 1709 4725 constituta
1735 4665 1829 4723 sunt.
1879 4651 2009 4721 Postea
2036 4673 2116 4718 cum
2140 4647 2179 4713 iu

1193 4759 1483 4850 Collegiisstudia
1499 4760 1781 4849 languescerent,
1799 4753 2016 4823 monasteria
2035 4748 2179 4818 condite

1192 4875 1293 4946 sunt,
1327 4874 1368 4934 ut
1400 4874 1515 4932 esseut
1537 4856 1698 4930 Scholae.
1767 4856 1907 4925 Deinde
1938 4862 2181 4926 successerunt

1190 4965 1424 5048 Academiae,
1460 4964 1543 5057 quia
1560 4958 1731 5032 Monachi
1756 4959 1938 5030 desierunt
1960 4957 2078 5025 colere
2101 4954 2180 5021 lite·

1190 5092 1260 5138 ras.
1328 5067 1433 5138 Nunc
1464 5067 1571 5158 igitur
1597 5063 1773 5158 possessio
1801 5061 1987 5132 literarum
2014 5053 2179 5150 haeret⁴)
2213 5135 2218 5149 .

1191 5184 1371 5264 utcunque
1388 5169 1427 5237 in
1441 5168 1655 5238 Academiis.
1707 5165 1854 5235 interim
1879 5189 1964 5256 opes
1986 5155 2179 5251 donatae¹)

1224 5371 1255 5440 ³)
1274 5370 1471 5435 Respublloao]
1490 5369 1574 5421 cod:
1598 5367 1720 5430 Bcspnb:

1224 5458 1256 5526 4)
1274 5460 1387 5518 laceret]
1405 5457 1489 5509 cod:
1514 5457 1594 5506 beret

1224 5545 1256 5613 b)
1274 5541 1405 5610 tuncne]
1424 5543 1508 5596 cod:
1533 5542 1633 5607 tonctp
