5125 6525
400 443 477 520 ⁸19
1029 439 1390 522 ADDITAMEN'I'A
1410 442 1480 514 AD
1507 442 1650 532 Vol-Is
1674 441 1801 522 1-x.
2372 441 2434 530 Sti

400 638 474 700 scs,
507 637 599 712 quos
622 613 850 686 Ptolemaeus
874 599 1106 698 Chaldaicos,
1132 611 1254 685 ludaei
1279 613 1393 684 Grae·
1441 614 1548 685 etiam
1568 609 1841 686 Atheniensium
1864 639 2003 686 menses
2030 609 2262 684 Calendario
2292 610 2432 700 inseris,

401 742 464 790 cos
488 729 636 788 vocant:
671 741 750 787 curn
775 729 925 808 propter
949 717 1039 788 alios
1071 716 1282 808 scriptores,
1316 726 1392 784 tum
1442 741 1596 811 quorum
1614 716 1749 788 mentio
1768 718 1809 788 fit
1825 717 1978 808 plurima
1998 713 2288 807 ascriptoribus
2305 715 2429 806 graecis.

401 818 594 916 praecipue
617 831 766 914 propter
782 814 993 910 Iosephum,
1019 820 1081 915 qui
1103 819 1236 887 bonam
1251 828 1392 909 partem
1544 818 1622 893 Etsi
1646 833 1764 889 autem
1787 820 1918 890 scimus
1937 821 1981 890 de
2003 842 2128 892 eorum
2155 816 2302 886 ordine
2318 828 2356 886 st
2369 841 2427 888 cn·

400 920 567 996 Iudaicae
590 916 762 993 historiae
785 921 970 1006 describit,
997 946 1091 1016 quae
1114 920 1151 989 in
1167 919 1296 990 Bibliis
1317 941 1393 987 non
1443 919 1625 992 iunctione
1655 947 1735 1008 cum
1767 919 2018 994 Romanorum
2047 919 2246 992 mensibus
2284 942 2307 987 a
2333 919 2432 992 muts

399 1019 576 1108 babetur,
600 1037 636 1094 et
658 1036 779 1094 tamen
803 1026 849 1093 ad
872 1023 1103 1115 intelligenda
1119 1018 1335 1113 Prophetica
1357 1032 1393 1091 ct
1443 1023 1747 1116 variedisputari:
1775 1036 1896 1094 tamen
1917 1048 1984 1095 nos
2007 1037 2155 1095 utemur
2173 1021 2244 1092 illo
2272 1021 2433 1094 ordines

401 1125 610 1220 Apostolica
635 1124 766 1219 scripta
789 1125 986 1198 necessaria
1010 1140 1073 1197 est.
1125 1125 1248 1195 Utitur
1271 1135 1391 1193 autem
1442 1124 1603 1210 ratione,
1630 1150 1740 1220 qnam
1755 1124 1811 1196 vir
1825 1126 1972 1198 natione
1987 1127 2170 1208 Graecus,
2194 1137 2237 1195 et
2255 1123 2433 1220 antiquis

401 1228 433 1306 is
462 1230 509 1298 ad
538 1228 730 1298 indicanda
760 1241 922 1321 tempora
953 1253 1073 1299 rerum
1106 1240 1285 1320 gestarum
1319 1226 1392 1294 lere
1443 1226 1488 1297 tis
1502 1227 1780 1300 studiosissimus
1795 1229 2008 1325 inquisitor,
2028 1224 2264 1298 Theodorus
2279 1225 2432 1312 Gazam

402 1354 544 1424 semper
576 1330 777 1416 mensibus,
805 1344 847 1402 ut
874 1330 950 1423 ipse
983 1344 1106 1413 vocat,
1138 1330 1305 1412 Graecis,
1329 1351 1393 1399 seu
1442 1327 1563 1400 libello
1585 1332 1629 1400 de
1652 1331 1833 1403 mensibus
1861 1330 2026 1416 tradidit,
2052 1329 2285 1422 praesertim
2311 1352 2388 1400 cum
2403 1354 2433 1400 es

402 1431 655 1508 Macedonicis.
706 1431 831 1526 Quare
844 1428 931 1504 ethi
949 1458 1028 1503 cum
1046 1430 1195 1504 Iulianis
1212 1428 1392 1502 mensibus
1444 1430 1507 1516 iis,
1533 1432 1597 1526 qui
1619 1428 1736 1503 adbuc
1759 1434 1904 1527 quidem
1923 1435 2040 1506 Gazae
2062 1435 2224 1502 inventa
2250 1432 2435 1502 concellus

402 1534 574 1627 coniungi
592 1537 734 1606 debent.
1444 1536 1564 1604 conati
1585 1547 1689 1620 sunt,
1715 1536 1834 1606 nullus
1856 1537 2029 1622 extiterit,
2055 1536 2119 1633 qui
2145 1534 2277 1606 lis-mis
2299 1535 2435 1606 testimo-

502 1637 569 1711 Est
592 1653 711 1711 autem
730 1636 789 1708 hic
805 1638 950 1708 illorum
967 1635 1143 1707 mensium
1171 1635 1260 1702 ordo
1279 1644 1314 1701 et
1327 1656 1393 1700 uo·
1444 1637 1513 1707 niis
1530 1637 1742 1723 ostenderit,
1765 1663 1837 1733 quo
1854 1639 1925 1710 alio
1941 1639 2068 1710 ordine
2082 1661 2242 1710 menses
2259 1631 2436 1708 Athenis·

402 1744 643 1822 menclatura:
1443 1738 1536 1809 sium
1562 1739 1750 1823 collocari,
1776 1753 1811 1811 et
1835 1744 2018 1834 quomodo
2042 1766 2126 1812 cum
2149 1738 2310 1812 Latinis
2327 1737 2435 1812 messi·

503 1841 733 1924 Αὐδυναῖος.
759 1834 946 1933 Περίτιος.
979 1834 1159 1934 Δύστρος·
1191 1833 1392 1918 Ξανθικός.
1443 1841 1510 1911 bus
1527 1840 1695 1934 coniungi
1712 1843 1885 1929 debeant,
1911 1856 1952 1915 ut
1970 1843 2101 1916 rectius
2126 1868 2218 1916 cum
2239 1865 2437 1935 graecorum

453 1941 686 2043 Ἀριεμίσιος.
741 1939 896 2024 Aeritcoc
924 1954 959 2012 et
987 1937 1143 2022 δαίσιος.
1200 1935 1393 2030 Πάνεμος.
1442 1943 1659 2033 scriptorum
1684 1945 1869 2018 sententiis
1891 1959 2112 2037 congruant,
2149 1970 2254 2040 quae
2277 1969 2383 2032 sane,
2407 1961 2440 2016 st

453 2049 577 2145 Λῷος.
641 2047 853 2141 I’oputoioc.
916 2039 1222 2140 ‘tuapssspnatm
1294 2041 1392 2120 Δῖος.
1444 2044 1480 2112 iu
1497 2069 1536 2112 re
1552 2046 1658 2113 dubia
1680 2060 1827 2138 propter
1842 2049 2118 2142 antiquitatem,
2147 2048 2358 2142 aliquando
2371 2061 2439 2119 suu

450 2146 675 2232 Ἀπελλαῖος.
1443 2145 1717 2227 diversissimae.

504 2252 708 2344 Applicatio
727 2261 843 2319 autem
858 2243 989 2318 horum
1006 2244 1181 2316 mensium
1197 2240 1393 2313 cuqulia·
1545 2248 1615 2320 Sed
1638 2274 1704 2320 nos
1723 2274 1917 2344 sequamur
1936 2249 2141 2324 doctissimi
2170 2249 2300 2322 Gazae
2329 2252 2437 2322 admo

403 2353 460 2426 sis
479 2354 593 2426 facilis
616 2367 669 2426 est
697 2376 740 2423 ex
759 2344 930 2442 Iosepbo,
963 2363 1153 2442 postquam
1182 2341 1251 2416 hoc
1282 2345 1393 2415 semel
1443 2353 1528 2422 dum
1546 2349 1798 2424 verisimilibus
1813 2353 2012 2427 rationibus
2027 2355 2295 2424 confirmatam
2309 2366 2439 2426 senteu-

406 2457 637 2528 constitutum
656 2468 728 2538 est,
743 2452 871 2535 Nisan,
889 2452 1044 2546 primum
1061 2472 1217 2521 mensem
1233 2446 1392 2518 Ebraeo-
1443 2452 1529 2524 tiam
1556 2454 1602 2522 de
1623 2456 1804 2526 mensibus
1824 2455 1971 2543 Atticis,
1996 2478 2108 2552 quam
2137 2457 2192 2525 ad
2215 2449 2316 2526 hunc
2333 2479 2438 2552 nsque

404 2582 506 2645 rum,
537 2558 717 2651 pertinere
745 2559 791 2626 ad
816 2554 999 2647 Aprilem,
1031 2578 1107 2623 non
1134 2553 1180 2620 ad
1206 2549 1392 2624 Martium.
1442 2555 1538 2626 diem
1555 2579 1685 2648 magno
1702 2581 1875 2630 consensu
1890 2558 2127 2631 eruditissimi
2149 2557 2226 2628 viri
2249 2555 2441 2652 inEuropa

403 2658 498 2732 Nam
528 2656 699 2752 Iosephus
732 2658 858 2730 crebro
888 2656 1073 2748 coniungit
1101 2647 1285 2738 ξανθικὸν
1309 2675 1390 2722 cuns
1442 2658 1709 2750 approbarunt,
1735 2686 1817 2732 cum
1841 2662 1969 2734 melior
1989 2656 2118 2736 haberi
2148 2685 2231 2732 non
2256 2661 2392 2753 possit,
2411 2672 2441 2732 ct

403 2759 628 2833 Ebcaeorum
650 2762 785 2846 Nisan,
810 2772 845 2829 et
867 2759 956 2829 alios
977 2757 1152 2830 similiter.
1205 2755 1328 2846 Quare
1349 2778 1391 2822 ex
1415 2755 1419 2782 '
1442 2764 1649 2844 credamus,
1683 2757 1778 2831 huuc
1809 2763 1915 2834 luisse
1945 2763 2110 2833 ordinem
2146 2763 2337 2836 mensium
2355 2765 2440 2858 apud

403 2859 472 2933 bac
492 2863 721 2957 copulatione
752 2862 948 2945 mensium,
978 2887 1047 2955 quit
1074 2853 1245 2952 ¹⁰⁸⁰Phu⁸
1266 2856 1392 2939 ulitur,
1441 2859 1696 2949 Athenienses,
1728 2864 1790 2959 qui
1826 2890 1963 2938 anuum
1985 2861 2220 2938 inchoabant
2250 2892 2274 2936 a
2300 2865 2439 2939 solstitio

405 2977 563 3051 constat,
604 2962 814 3042 αἰδυναῖον
852 2986 925 3034 esse
959 2961 1187 3043 Ianuarium,
1227 2956 1392 3054 aspirare
1443 2966 1598 3050 aestivo,
1631 2978 1673 3036 ut
1694 2967 1831 3058 primus
1853 2968 2015 3062 ipsorum
2039 2970 2183 3042 mensis
2204 2969 2322 3040 luerit
2345 2965 2438 3042 ‘Ess-

403 3067 660 3152 Februarium,
683 3060 849 3163 δύστρον
865 3064 1057 3148 Martium,
1087 3076 1121 3133 et
1143 3061 1194 3134 sic
1212 3061 1391 3152 deinceps·
1442 3059 1650 3161 ιομβαιών.

403 3169 452 3246 Ει
473 3169 567 3241 hanc
593 3171 770 3242 mensium
793 3167 1110 3238 Macedonicorum
1142 3188 1223 3235 cum
1246 3160 1392 3234 Iulianis
1593 3168 1777 3244 Secundus
1938 3172 2243 3274 Μεταγειτνιών.

403 3274 663 3346 connexionem
694 3276 883 3345 confirmat
909 3284 1122 3364 perpetuum
1145 3265 1391 3339 testimonium
1595 3270 1741 3345 Tertius
1939 3273 2200 3375 Βοηδρομιών.

403 3378 555 3463 Suidae,
582 3377 645 3473 qui
669 3401 793 3448 omnes
814 3378 887 3446 lere
910 3367 978 3446 hos
993 3398 1131 3445 menses
1152 3369 1222 3443 illis
1244 3366 1391 3439 Iulianis
1596 3374 1755 3468 Quartus
2205 3369 2217 3394 '

404 3480 567 3575 copulat,
593 3478 723 3574 quibus
737 3504 804 3551 nos
819 3478 959 3549 ratione
971 3475 1197 3548 Ebraeorum
1214 3471 1390 3545 mensium
1596 3477 1752 3568 Quintus
1938 3472 2186 3578 Πυανεψιῶν.

404 3606 448 3653 ex
460 3577 614 3674 Iosepho
634 3607 696 3656 eos
714 3582 930 3676 aptavimus.
1595 3581 1721 3651 Sextus
1929 3572 2220 3679 arescamus.

507 3683 629 3775 Quare
645 3685 752 3755 etiam
777 3687 820 3754 de
837 3681 1080 3755 Macedonicis
1096 3677 1278 3753 mensibus
1291 3674 1390 3745 nulla
1595 3680 1776 3773 Septimus
1938 3679 2176 3761 Honesdsnir.

403 3797 457 3861 est
478 3783 675 3871 dubitatio,
709 3787 798 3881 quin
820 3783 889 3859 boc
903 3786 1014 3857 modo
1035 3809 1116 3855 cum
1138 3778 1286 3852 lulianis
1307 3800 1392 3847 cou-
1594 3782 1753 3857 Octavus
1939 3784 2160 3882 Γαμηλιών.

403 3900 552 3991 qrnant,
578 3900 619 3958 ut
633 3887 768 3959 dictum
783 3901 855 3972 est,
879 3886 1043 3983 quamvis
1059 3887 1235 3976 interpres
1247 3873 1392 3972 Iosephi
1596 3884 1723 3959 Nonus
1931 3881 2241 3987 Ἐλαφηβολιῶι.

402 4013 542 4063 menses
555 3988 808 4063 Macedonicos
828 4012 971 4080 semper
991 4014 1071 4060 cum
1098 3984 1391 4081 praecedentibus
1593 3987 1762 4063 Decimus
1936 3985 2193 4085 Μουνυχιιῦν.

402 4090 655 4167 Romanorum
677 4093 859 4167 mensibus
882 4091 1092 4185 coniungat,
1118 4104 1159 4165 nt
1173 4085 1390 4161 Xantbicum
1598 4089 1816 4165 Undecimus
1939 4087 2175 4193 eepyqnntr.

402 4220 485 4269 cum
500 4194 656 4281 Martio,
671 4195 903 4267 Artemisium
920 4219 1001 4267 cum
1016 4196 1152 4289 Aprili,
1178 4209 1214 4268 et
1231 4208 1391 4266 caeteros
1593 4192 1839 4268 Duodecimus
1937 4188 2226 4293 Σκιροφοριιῦν.

402 4301 529 4371 eodem
546 4300 677 4382 modo,
702 4312 843 4371 secutus
858 4297 1003 4371 illorum
1023 4300 1223 4387 rationem,
1250 4297 1314 4395 qui
1328 4294 1391 4367 Ni·
1544 4293 1712 4369 Ostendit
1728 4311 1848 4371 autem
1863 4298 1960 4371 Gaza
1986 4298 2073 4371 satis
2096 4297 2339 4371 evidentibus
2353 4296 2435 4371 testi·

400 4425 486 4488 san,
512 4401 670 4495 primum
693 4398 911 4473 Iudaeorum
928 4426 1109 4488 mensem,
1143 4428 1224 4475 cum
1254 4399 1390 4475 Martio
1442 4396 1593 4483 moniis,
1610 4397 1900 4497 ἑκατομβαιῶνα
1914 4400 2255 4473 luissesolstitalcm
2273 4426 2436 4485 mensem,

400 4516 525 4574 nostro
556 4505 746 4597 copulant,
789 4506 887 4599 quod
920 4504 1146 4577 incommode
1174 4506 1253 4577 lieri
1280 4528 1389 4599 sopra
1441 4503 1717 4595 respondentem
1747 4518 1873 4577 nostro
1898 4500 2001 4577 Iunio
2026 4506 2119 4585 tere,
2148 4502 2433 4583 stomatasm

402 4607 634 4680 ostendimus.
1439 4604 1660 4690 brumalem,
1699 4610 1977 4700 respondentem
2011 4617 2136 4680 nostro
2169 4605 2373 4683 Decembri
2401 4618 2432 4677 m

827 4790 837 4806 ο
1046 4793 1054 4809 ⁰
1091 4794 1101 4810 υ
1440 4707 1649 4800 plurimum.
1700 4708 1823 4804 Quare
1838 4708 2007 4785 ianuario
2033 4724 2210 4803 congruet
2228 4710 2432 4814 yussqltfl'r»

598 4789 662 4860 Dc
696 4792 928 4865 mensibus
961 4791 1194 4890 Attrcrs.¹⁰)
1438 4808 1636 4883 Febmario
1658 4810 1938 4910 llupqfiolssir,
1961 4827 1997 4886 et
2014 4812 2148 4910 reliqui
2174 4817 2429 4891 convenietis!

501 4925 553 4998 Ita
576 4922 750 4999 habemus
773 4928 845 4997 iam
866 4952 1006 5002 menses
1026 4929 1107 5001 illos
1136 4954 1217 5002 cum
1240 4929 1388 5006 Iulianis
1438 4913 1580 4987 ‘²5⁰⁰‘
1595 4913 1745 4989 οἴω

399 5028 628 5112 coniunctos,
662 5031 724 5124 qui
750 5032 796 5099 ad
825 5030 1073 5124 intelligendas
1094 5030 1252 5107 Biblicas
1275 5031 1387 5109 bisto-

399 5131 471 5203 rias
486 5132 676 5202 necessarii
690 5144 784 5204 sunt.

500 5234 569 5305 Sed
587 5232 671 5328 quia
691 5234 866 5320 diximus,
893 5261 936 5308 ex
954 5236 1106 5307 aliarum
1132 5264 1277 5336 quoque
1301 5266 1384 5335 gen·
1537 5224 1598 5297 fil
1616 5225 1748 5297 ‘limbi
1766 5223 1806 5297 5¹¹
1825 5226 2061 5321 “liltffllbffl
2081 5226 2246 5319 Bmsssss
2280 5230 2425 5305 mim

397 5336 486 5407 tium
502 5333 681 5418 historiis,
707 5347 744 5406 et
765 5338 919 5410 maxime
935 5340 1102 5424 Graecis,
1128 5346 1304 5436 quaedam
1320 5368 1386 5417 no-
1435 5326 1804 5400 Ecclesiasticisetiam
1813 5330 1950 5401 mentio
1958 5329 2222 5426 Acgyptiorum
2241 5334 2423 5416 meusium

397 5451 475 5509 tatu
491 5441 599 5533 digna
622 5439 659 5509 in
676 5438 891 5510 calendario
914 5441 1046 5532 signari
1067 5445 1214 5531 debere,
1240 5460 1385 5543 oportet
1437 5456 1528 5525 qu⁰⁸
1549 5444 1670 5502 tamen
1692 5445 1733 5503 ul
1754 5445 1866 5505 ⁸¹³¹⁰⁸
1889 5446 1925 5504 02
1943 5434 2032 5504 fi¹⁰⁸
2062 5434 2107 5503 2¹)
2138 5428 2210 5506 i¹¹3⁸
2239 5450 2422 5533 usurpat!

398 5579 603 5598 ...-
1435 5535 1563 5617 luisse,
1582 5560 1678 5619 nou,
1699 5549 1739 5606 ut
1760 5560 1867 5627 supra
1886 5535 2021 5607 dictum
2039 5548 2110 5620 est,
2136 5538 2303 5615 mobiles
2325 5556 2359 5617 ει
2373 5562 2425 5609 ss-

1625 5083 1688 5157 De
1722 5085 1956 5160 mensibus
1992 5085 2254 5185 Aegyptiis.

429 5657 479 5726 ss)
498 5659 612 5731 asom]
629 5664 673 5717 stc
687 5666 738 5719 st.
757 5665 801 5731 ις
818 5665 870 5719 us.
888 5667 913 5722 ι.
929 5666 1153 5721 suentenstmx
1406 5606 1413 5688 i
1436 5651 1559 5730 gantes
1573 5663 1639 5732 per
1654 5662 1778 5712 omnes
1793 5638 1881 5711 anni
1896 5651 2017 5735 partes
2031 5636 2219 5737 (qualibus
2230 5642 2427 5719 Mathema-
