5125 6525
282 393 439 478 491-
500 322 507 326 ·
735 327 739 332 ·
824 387 948 466 111.
1047 387 1183 463 DE
1229 386 1783 465 ELECTIONE
1839 388 1975 462 ΕΤ
2024 387 2730 464 CORONATIONE
2783 387 3142 462 cauom
3190 390 3282 496 V.
3333 388 3812 466 CAESARIS.
4201 396 4366 471 49⁸

278 565 659 657 eligimus,-
703 562 872 657 quia
917 574 1119 633 tenet
1161 564 1510 658 quasdam
1550 563 1863 635 ditiones
1903 563 1998 632 ad
2040 558 2272 656 Impe-
2375 586 2594 657 quam
2642 559 3160 654 Imperatorem
3215 558 3482 633 babere
3525 564 3953 636 instructum
4009 565 4233 657 copiis
4276 591 4364 639 ae

280 668 471 740 rium
508 665 949 759 pertinentes
962 663 998 733 ἐ’

486 818 742 889 Valeat
783 819 974 889 idem
1029 815 1108 886 in
1140 816 1393 902 Gallo,
1447 816 1574 911 qui
1606 814 2144 900 Mediolanum,
2198 829 2270 885 et

279 924 614 1016 Regnum
643 922 1103 1004 Arelatense‚
1159 932 1470 990 veterem
1507 931 1920 989 nostrorum
1953 916 2267 1011 Impera-

282 1039 524 1097 torum
568 1027 851 1108 sedem,
902 1026 983 1092 in
1025 1034 1375 1116 potestate
1417 1045 1543 1093 sua
1590 1017 1828 1091 babet.
1931 1020 2266 1114 Denique

280 1152 577 1221 prorsus
627 1127 727 1197 ita
776 1125 1050 1211 sentio,
1119 1127 1313 1219 quod
1360 1127 1451 1194 ad
1503 1123 1922 1194 electionem
1986 1123 2266 1208 attinet,

279 1255 432 1301 non
479 1229 718 1300 minus
760 1228 1024 1299 accersi
1067 1228 1524 1320 peregrinum
1568 1223 2083 1319 Imperatorem
2127 1227 2267 1295 ele-

281 1345 398 1404 cto
436 1332 867 1425 Hispanico,
926 1355 1141 1424 quam
1177 1330 1455 1401 Gallico
1509 1328 1741 1422 Rege:
1813 1328 2094 1399 etiamsi
2135 1328 2264 1397 ali-

281 1460 424 1530 qua
458 1435 703 1507 subtili
731 1434 1326 1525 interpretatione
1350 1432 1495 1502 iam
1526 1431 1868 1532 inseritur
1901 1430 2264 1523 Hispanus

276 1538 752 1620 Germaniae,
835 1560 1138 1630 eamque
1220 1548 1450 1605 totam
1530 1533 2121 1604 deliberationem
2186 1532 2265 1602 in

278 1652 662 1734 utramque
693 1651 971 1731 partem
1008 1638 1362 1729 disputari
1387 1661 1594 1728 posse
1623 1635 1863 1728 iudico
1886 1689 1906 1720 ,
1949 1649 2019 1704 et
2046 1660 2264 1727 penes

278 1765 414 1813 nos
445 1742 1004 1812 declarationem
1038 1740 1212 1831 legis
1240 1764 1386 1811 esse
1421 1740 1677 1810 sentio.
1750 1738 2262 1830 Quaerendum

278 1845 501 1935 igitur
546 1856 692 1926 est,
740 1855 983 1912 utrum
1025 1842 1117 1912 sit
1148 1842 1420 1913 utilius.
1517 1840 1672 1933 Ego
1708 1865 1870 1911 cum
1907 1841 2141 1931 cogito
2180 1841 2266 1908 il-

244 1947 432 2032 ‚lam
479 1969 770 2015 auream
817 1956 1122 2014 aetatem
1168 1944 1397 2015 nostri
1442 1941 1776 2034 Imperii,
1830 1968 1989 2013 cum
2031 1955 2264 2014 essent

282 2048 708 2119 coniunctae
747 2046 1196 2118 Francorum
1249 2048 1696 2138 temporibus
1748 2045 2138 2116 Germania
2193 2058 2264 2115 et

184 2220 211 2242 ,
280 2151 555 2230 Gallia:
639 2174 719 2219 ac
787 2161 1082 2241 reputo,
1148 2162 1498 2244 quantum
1571 2175 1648 2219 ea
1708 2148 2119 2220 coniunctio
2169 2149 2260 2218 ad

282 2251 877 2347 tranquillitatem
962 2252 1338 2322 universae
1417 2251 1756 2344 Europae
1840 2252 2259 2321 contulerit:

260 2354 709 2426 -mirabiliter
767 2355 1076 2437 afficior,
1145 2379 1420 2448 nosque
1466 2356 1716 2424 beatos
1763 2356 2138 2436 ducerem,
2201 2354 2263 2423 si

283 2483 445 2530 eum
476 2470 738 2529 statum
775 2457 1147 2527 restituere
1181 2480 1570 2547 possemus.

487 2608 852 2680 Divinitus
894 2621 1134 2680 autem
1169 2632 1360 2678 nunc
1395 2610 1631 2679 oblata
1666 2622 1771 2679 est
1800 2609 2075 2680 occasio
2112 2610 2265 2680 eius

283 2714 392 2784 rei
437 2697 872 2783 efficiendae.
1007 2711 1252 2804 Quare
1301 2707 1484 2780 nihil
1530 2712 1781 2781 dubito
1828 2737 1956 2781 vos
2000 2708 2263 2786 adhor-

282 2817 465 2900 tari,
520 2814 721 2885 omni
750 2814 987 2886 studio
1019 2827 1100 2883 ut
1138 2817 1508 2885 occasione
1552 2813 1883 2884 utamini.
1983 2813 2132 2885 Nec
2172 2814 2265 2883 ab

280 2915 427 2989 hoc
484 2942 654 2987 meo
719 2916 985 2986 iudicio
1027 2917 1383 3007 discrepat
1422 2913 1650 2987 Italia.
1770 2914 1965 2986 Idem
2010 2928 2263 3008 optare

282 3022 433 3093 scio
458 3019 870 3090 Romanum
905 3019 1341 3110 pontificem,
1385 3017 1738 3103 Venetos,
1788 3018 2034 3089 ltaliae
2063 3019 2265 3111 prin-

285 3124 512 3215 cipes,
565 3146 647 3191 ac
696 3120 1016 3192 civitates
1059 3145 1330 3192 omnes.
1435 3121 1614 3192 Cum
1657 3133 1767 3191 tot
1799 3122 2061 3191 iudicia
2095 3145 2265 3192 con-

284 3249 538 3319 gruere
580 3225 883 3296 videatis
925 3219 1304 3296 hominum
1346 3225 2082 3318 sapientissimorum,
2132 3249 2265 3295 no-

169 3360 179 3369 ·
277 3330 409 3400 lite
453 3328 856 3400 existimare
899 3327 1089 3398 leves
1131 3352 1379 3400 causas
1417 3352 1606 3411 esse,
1667 3352 1795 3398 cur
1836 3329 2025 3397 idem
2058 3340 2263 3397 tanto

287 3454 635 3504 consensu
695 3431 1046 3522 probent,
1137 3442 1209 3499 et
1273 3431 1607 3501 omnibus
1675 3430 1863 3500 votis
1928 3443 2265 3520 expetant

289 3557 561 3604 omnes.
664 3533 936 3604 Gallica
980 3556 1153 3622 gens
1181 3545 1264 3601 ut
1294 3544 1399 3602 est
1427 3556 1593 3602 vere
1627 3545 1928 3622 cognata
1965 3532 2265 3601 Germa-

285 3636 441 3720 nis,
486 3636 585 3703 ita
617 3634 1080 3726 opinionibus
1112 3658 1193 3702 ac
1227 3635 1573 3718 moribus,
1622 3634 2074 3718 liberalitate,
2127 3636 2265 3704 cle-

283 3737 558 3808 mentia
583 3788 603 3820 ,
674 3737 976 3829 pietate,
1059 3736 1430 3807 literarum
1494 3738 1816 3823 cultura,
1882 3736 2264 3808 Germanis

287 3838 652 3913 simillima
708 3851 836 3909 est.
938 3837 1034 3908 Et
1080 3841 1273 3935 quod
1307 3851 1623 3923 constat,
1684 3862 1825 3910 una
1858 3853 1965 3910 est
1993 3853 2264 3910 extera-

287 3966 451 4014 rum
496 3942 872 4011 nationum
918 3943 1230 4013 maxime
1273 3967 1525 4015 amans
1566 3953 1981 4015 nostrorum
2029 3937 2265 4013 homi-

287 4069 505 4128 num,
591 4058 674 4116 ut
733 4043 1026 4136 vestigia
1080 4047 1430 4140 quaedam
1495 4046 1941 4138 cognationis
1996 4046 2072 4115 in
2127 4042 2266 4117 bac

291 4148 443 4240 ipsa
490 4147 988 4218 benevolentia
1036 4150 1323 4240 agnosci
1366 4149 1664 4240 possint.
1764 4147 2046 4218 Vicinia
2088 4173 2263 4219 vero

293 4275 510 4345 quam
575 4263 681 4321 est
742 4262 1151 4343 opportuna
1211 4254 1302 4322 ad
1351 4251 1832 4324 defensionem
1890 4252 2263 4346 utriusque

290 4352 644 4442 regionis,
694 4353 753 4424 si
786 4353 946 4448 quis
982 4355 1256 4424 subitus
1286 4355 1633 4426 tumultus
1669 4354 2032 4424 inciderit!
2115 4355 2266 4427 Nec

293 4458 387 4526 ad
424 4451 670 4524 Italiae
714 4479 961 4547 pacem
1008 4459 1349 4527 tuendam
1398 4458 1704 4549 reperiri
1745 4458 1991 4528 utilius
2036 4458 2265 4529 consi-

290 4559 471 4629 lium
540 4569 776 4648 potest
838 4559 1339 4630 coniunctione
1403 4556 1661 4631 harum
1726 4563 2031 4632 duarum
2099 4585 2268 4653 gen-

292 4661 515 4745 tium,
586 4684 895 4755 quarum
946 4674 1248 4756 utraque
1307 4664 1653 4734 exercitus
1699 4663 2021 4756 ingentes
2070 4658 2286 4758 equi-J

294 4775 445 4834 tum
496 4788 579 4833 ac
626 4762 947 4854 peditum
999 4767 1381 4850 conficere,
1433 4780 1505 4836 et
1538 4767 1770 4837 Gallia
1806 4767 2269 4860 suppeditare

291 4866 462 4937 belli
518 4891 822 4950 nervos,
889 4867 1219 4937 videlicet
1280 4868 1640 4961 ingentem
1703 4870 1846 4939 vim
1901 4871 2277 4962 pecuniae,

292 4980 556 5059 potest.
656 4969 751 5041 Et
799 4969 967 5064 quia
1015 4994 1164 5040 non
1194 4970 1425 5042 solum
1458 4972 1933 5057 Germaniae,
1982 4976 2106 5045 sed
2137 4973 2274 5043 toti

295 5069 581 5139 nomini
632 5068 1083 5156 Christiano,
1151 5073 1228 5143 in
1286 5069 1424 5144 hac
1489 5074 1835 5145 electione
1902 5070 2272 5147 consulere

296 5173 672 5245 debemus:
749 5179 1240 5269 quaerendum
1291 5188 1395 5248 est
1446 5178 1883 5269 praesidium
1939 5180 2274 5269 adversus

233 5272 249 5278 ’
291 5274 605 5347 Turcica
656 5300 880 5348 arma.
984 5278 1167 5350 Cum
1210 5280 1401 5350 enim
1439 5293 1731 5352 teneant
1763 5280 1904 5350 iam
1940 5295 2273 5374 pacatam

296 5376 584 5462 Asiam,
648 5375 830 5449 nihil
877 5383 1176 5452 dubium
1224 5395 1330 5454 est
1377 5407 1624 5455 rursus
1675 5385 1753 5453 in
1793 5382 2084 5479 Europa
2130 5386 2277 5455 bel-

296 5481 447 5552 lum
478 5483 858 5553 molituros
894 5508 1066 5556 esse.
1168 5483 1516 5556 Invadent
1544 5486 2000 5558 Pannoniam
2041 5500 2112 5559 et
2135 5484 2277 5558 Ita-

296 5583 494 5656 liam.
611 5582 694 5654 In
761 5586 892 5657 tali
960 5588 1414 5673 discrimine,
1492 5590 1669 5686 quid
1735 5591 1875 5662 erit
1939 5591 2278 5685 optatius,

406 5700 771 5767 Eanum.
812 5702 1028 5770 orn.
1115 5704 1290 5772 vor..
1316 5705 1469 5772 xx.

2374 666 2648 736 viribus
2679 664 3117 736 Germaniae
3150 678 3221 736 et
3252 664 3581 737 Galliae?

2581 819 2681 887 At
2727 832 3017 903 contra,
3068 832 3150 890 ut
3195 821 3285 889 de
3331 818 3639 912 ingeniis
3686 844 3769 890 ac
3815 833 4074 892 natura
4123 823 4358 912 gentis

2370 919 2800 1013 Hispanicae
2858 918 3043 992 nibil
3097 923 3373 1006 dicam,
3441 947 3627 1016 quae
3675 923 3959 993 etiamsi
4003 936 4109 995 est
4152 924 4356 994 belli·

2371 1047 2533 1093 cosa
2558 1076 2579 1106 ,
2635 1035 2879 1092 tamen
2908 1050 3057 1094 non
3090 1038 3236 1094 tam
3269 1023 3543 1096 viribtis
3572 1039 3870 1118 pugnat,
3922 1050 4142 1120 quam
4175 1040 4353 1101 arte.

2366 1122 2616 1219 Itaque
2660 1126 2859 1194 nulla
2916 1151 3176 1220 magna
3213 1152 3329 1197 res
3368 1128 3459 1198 ab
3496 1128 3597 1200 eis
3627 1128 3704 1197 in
3734 1126 3938 1198 Italia
3969 1129 4122 1199 sine
4154 1131 4354 1200 auxi-

2367 1227 2482 1298 liis
2528 1223 2981 1300 Germanicis
3034 1242 3227 1321 gesta
3295 1242 3421 1301 est.
3540 1230 3679 1300 Sed
3726 1231 4069 1322 cogitate,
4131 1257 4354 1325 quam

2366 1330 2621 1421 procul
2664 1329 2909 1400 dissita
2947 1332 3072 1402 sit:
3143 1343 3329 1401 certe
3360 1333 3437 1401 in
3467 1333 3720 1404 subitis
3748 1334 4170 1405 tumultibus
4199 1358 4354 1404 non

2368 1433 2640 1524 poterit
2682 1432 2932 1516 nobis,
2988 1433 3101 1502 vel
3145 1431 3431 1517 Italiae,
3494 1436 3608 1504 vel
3640 1435 4065 1508 Pannoniae
4113 1437 4352 1528 opitu-

2365 1535 2529 1606 lari.
2627 1534 2878 1604 Patria
2916 1547 3020 1605 est
3052 1534 3298 1605 Caroli
3327 1537 3656 1617 Austria;
3710 1561 3801 1607 ne
3832 1534 4018 1608 hanc
4054 1539 4348 1632 quidem

2367 1637 2674 1730 Hispani
2707 1637 3136 1720 tuebuntur,
3189 1650 3296 1721 et,
3351 1650 3432 1707 ut
3463 1639 3746 1721 volent,
3798 1664 3949 1708 non
3981 1654 4349 1732 poterunt.
4454 1672 4470 1678 ·

2366 1740 2755 1828 Nongenim
2787 1739 2926 1810 nisi
2954 1740 3241 1832 exiguas
3276 1740 3518 1831 copias
3546 1743 3766 1809 domo
3797 1742 4116 1825 mittunt,
4167 1744 4353 1813 eius-

2367 1867 2508 1936 que
2557 1841 2661 1911 rei
2709 1865 2919 1914 causa
2952 1855 3093 1926 est,
3160 1845 3356 1937 quod
3387 1834 3967 1935 naviga⁶tionibus
4000 1843 4349 1937 Hispania

2366 1940 2871 2029 exhauriatur,
2951 1970 3083 2015 nec
3145 1945 3326 2015 coeli
3393 1945 3622 2016 nostri
3683 1946 4105 2037 gravitatem
4178 1946 4351 2018 satis

2364 2049 2549 2117 ferre
2620 2060 2938 2139 possunt.
3052 2046 3184 2118 Est
3250 2060 3322 2117 et
3372 2047 3548 2118 illud
3604 2049 4007 2134 commodi,
4072 2050 4134 2120 si
4186 2074 4351 2120 cum

2365 2150 2594 2220 Gallis
2641 2149 3061 2221 militemus:
3144 2164 3381 2220 vestro
3429 2153 3647 2221 ductu
3698 2152 3938 2221 omnia
3988 2164 4353 2244 gerentur,

2366 2278 2494 2323 vos
2526 2253 2601 2320 in
2634 2253 2905 2343 gloriae
2936 2254 3347 2322 societatem
3387 2254 3765 2322 admittent
3801 2255 4015 2338 Galli,
4069 2252 4354 2325 etiamsi

2365 2368 2533 2424 sunt
2579 2354 2897 2445 gloriosi.
3020 2354 3117 2422 At
3157 2354 3282 2422 ubi
3330 2380 3490 2424 cum
3537 2354 3876 2446 Hispanis
3927 2356 4353 2442 militabitis,

2367 2457 2472 2523 illi
2509 2479 2638 2525 vos
2666 2468 3012 2548 tanquam
3051 2456 3409 2547 mancipia
3446 2470 3724 2547 regent:
3795 2459 3931 2549 ipsi
3979 2459 4351 2531 laboribus

2367 2582 2449 2626 ac
2478 2558 2797 2627 victoriis
2828 2557 3079 2628 vestris
3114 2559 3481 2642 fruentur,
3532 2559 3977 2651 praeripient
4011 2555 4350 2651 honores,

2366 2672 2756 2751 praeerunt
2795 2659 3207 2751 provinciis.
3308 2659 3459 2731 Vos
3502 2674 3653 2732 tum
3687 2686 3848 2732 sero
3885 2662 4353 2753 deplorabitis

2365 2763 2782 2834 servitutem
2852 2774 3188 2833 vestram.
3312 2762 3453 2833 Sed
3520 2764 3839 2854 gentium
3893 2766 4351 2834 collationem

2368 2865 2664 2934 omitto:
2717 2865 2805 2933 de
2836 2865 2989 2956 ipsa
3025 2865 3369 2935 electione
3402 2866 3661 2937 dicam.
3738 2866 3973 2938 Tenet
4005 2863 4143 2937 hoc
4173 2880 4352 2936 tem-

2366 2981 2542 3059 p'ore
2575 2967 2826 3038 Gallus
2862 2967 3399 3052 Mediolanum,
3467 2968 3594 3063 qui
3634 2968 3694 3040 si
3739 2970 3876 3039 erit
3919 2969 4350 3063 Imperator,

2367 3094 2457 3139 ne
2503 3095 2712 3142 causa
2761 3070 3050 3164 quidem
3101 3071 3329 3141 belli
3305 3096 3383 3140 m
3419 3068 3624 3141 Italia
3655 3072 3898 3142 futura
3929 3085 4054 3143 est.
4155 3070 4351 3143 Nam

2368 3175 2563 3268 quod
2599 3172 2850 3244 Gallus
2885 3172 3329 3244 existimatur
3362 3172 3744 3264 Neapolim
3781 3174 4170 3266 petiturus,
4225 3195 4350 3250 vn·

2366 3290 2510 3347 stra
2578 3301 2742 3347 eum
2812 3277 3160 3346 autoritas
3227 3276 3431 3345 facile
3485 3278 3578 3345 ad
3632 3275 3807 3347 alias
3857 3301 3971 3347 res
4023 3276 4370 3361 utiliores,

2367 3390 2683 3463 avertet,
2748 3378 2808 3448 si
2851 3373 3203 3448 habebitis
3251 3378 3641 3469 obligatum
3689 3379 4033 3449 beneficio
4085 3393 4351 3454 vestro.

2364 3484 2430 3552 A
2467 3479 2708 3571 Belgis
2753 3480 2965 3549 etiam
3015 3479 3438 3566 abstinebit,
3504 3481 3564 3550 si
3611 3481 3980 3574 quiescant
4023 3481 4202 3574 ipsi,
4268 3495 4351 3553 ut

2365 3584 2629 3652 facient
2701 3595 2928 3667 certe,
3022 3584 3395 3653 conterriti
3460 3583 3893 3653 Germaniae
3975 3608 4351 3670 consensu,

2368 3686 2790 3778 praesertim
2841 3685 2903 3756 si
2947 3710 3094 3755 non
3134 3686 3406 3755 fuerint
3449 3685 3738 3757 irritati.
3853 3687 4003 3759 Nec
4052 3711 4183 3779 ego
4229 3712 4352 3758 ve-

2321 3818 2322 3821 *
2364 3789 2492 3858 lim
2534 3788 2697 3860 illos
2744 3788 3042 3860 irritari.
3143 3787 3437 3858 Vicinos
3465 3788 3655 3858 enim
3688 3785 4070 3860 habuimus
4093 3789 4353 3883 Belgas

2364 3893 2584 3985 longo
2621 3903 2986 3985 tempore,
3035 3915 3187 3961 non
3220 3893 3452 3963 socios
3487 3889 3800 3984 Imperii.
3903 3891 4167 3964 Nostra
4202 3893 4353 3964 edi·

2367 4007 2478 4064 cta
2535 3990 2719 4064 nihil
2774 4006 3197 4085 morantur,
3268 3993 3532 4066 nostris
3587 3995 3921 4088 periculis
3969 3991 4151 4064 nihil
4200 3998 4352 4066 affi-

2368 4096 2679 4169 ciuntur.
2768 4096 2990 4167 Suum
3024 4097 3387 4191 quoddam
3419 4121 3720 4188 regnum
3751 4097 3849 4166 ibi
3878 4092 4184 4182 habent,
4238 4099 4351 4167 ni-

2368 4195 2518 4270 hilo
2554 4199 2782 4292 magis
2818 4198 3276 4270 coniunctum
3318 4224 3477 4270 cum
3517 4198 3868 4291 Imperio,
3920 4223 4136 4291 quam
4180 4212 4349 4270 sunt

2366 4302 2582 4394 Angli
2615 4315 2741 4372 aut
2770 4300 2989 4372 Scoti.

2576 4457 2825 4550 Quare
2892 4456 3089 4550 quod
3158 4467 3498 4524 verentur
3565 4453 3790 4548 aliqui
3835 4454 4201 4538 futurum,
4266 4468 4351 4527 ut

2371 4560 2764 4633 Germania
2793 4559 2984 4628 bello
3019 4557 3428 4650 implicetur
3446 4610 3466 4640 ,
3515 4557 3578 4629 si
3603 4555 3866 4647 Belgae
3895 4580 4044 4625 non
4075 4558 4352 4627 obtem-

2371 4673 2748 4757 perarent,
2809 4662 2936 4756 qui
2977 4661 3282 4752 imperia
3325 4672 3569 4730 nostra
3614 4659 3859 4730 multis
3907 4659 4049 4727 iam
4095 4660 4351 4733 seculis

2374 4777 2878 4837 contemnunt:
2947 4759 3152 4860 nihil·
3173 4763 3475 4855 periculi
3517 4775 3659 4846 est,
3720 4761 4196 4833 nullum'sine
4230 4788 4351 4834 ve·

2373 4883 2523 4943 stro
2585 4867 2884 4938 consilio
2948 4866 3216 4936 bellum
3268 4863 3522 4938 Gallus
3578 4865 3919 4939 movebit.

4039 4864 4136 4935 Et
4179 4867 4350 4961 quia

2372 4971 2775 5043 Insubriam
2809 4981 3363 5063 tenet.pacatam
3384 5022 3405 5053 ,
3456 4981 3528 5038 et
3556 4964 3694 5038 boc
3722 4980 4046 5060 tempore
4082 4971 4353 5060 optime
4480 5056 4493 5068 ·

2377 5078 2762 5146 instructus
2806 5085 2913 5144 est
2956 5071 3290 5142 omnibus
3333 5073 3546 5142 rebus
3590 5072 3682 5141 ad
3729 5071 3993 5142 bellum
4035 5096 4354 5144 necessa-

2376 5179 2536 5249 riis:
2605 5200 2822 5249 unam
2876 5171 3062 5245 hanc
3094 5175 3379 5244 laudem
3400 5227 3421 5258 ,
3473 5198 3697 5245 unum
3731 5171 3871 5243 hoc
3906 5176 4120 5246 decus
4150 5175 4357 5267 petit,

2378 5295 2459 5353 ut
2500 5305 2538 5350 a
2584 5279 2846 5351 nostris
2890 5277 3283 5349 cervicibus
3324 5277 3635 5371 depellat
3677 5277 3990 5360 Turcas,
4041 5290 4123 5348 ut
4156 5277 4357 5370 Sely-

2379 5409 2578 5454 mum
2628 5381 3034 5474 ingentibus
3079 5382 3553 5463 successibus,
3605 5405 3689 5450 ac
3728 5379 4182 5448 minitantem
4212 5376 4355 5446 Ita-

2378 5489 2516 5559 liae
2547 5487 2882 5568 exitium,
2935 5484 3308 5555 adoriatur
3342 5483 3675 5554 omnibus
3718 5482 4011 5552 viribus.
4108 5479 4355 5573 Quare

2379 5587 2564 5663 nibil
2593 5590 2846 5662 dubito
2873 5587 3233 5680 polliceri,
3299 5587 3718 5657 electionem
3750 5581 3941 5655 Galli
3974 5581 4362 5654 allaturam
