5125 6525
263 450 341 541 ras

420 632 515 733 Acus
552 614 663 702 aceris
770 634 864 703 latus
896 631 1017 703 lateris

337 772 340 778 ·
421 734 523 825 Opus
549 734 668 826 operis
771 737 871 806 ulcus
897 735 1026 810 ulceris

421 836 532 907 Vetus
550 837 692 910 veteris.

367 955 482 1026 Pecus
510 956 647 1041 variat,
672 955 817 1049 pecudis
838 954 1038 1024 foeminino
1060 978 1144 1027 casu
1159 955 1263 1036 lacit;

174 1122 177 1133 .
269 1071 398 1130 neutro
423 1057 614 1154 pecoris0).

371 1162 627 1253 comparativa
649 1160 688 1228 in
708 1183 769 1243 us,
796 1183 860 1251 per
869 1158 901 1255 ⁷)
924 1158 997 1230 oris
1015 1158 1151 1229 faciunt
1165 1158 1263 1252 geni-

268 1262 381 1348 tivos,
406 1277 448 1334 ut
539 1269 542 1275 ’
685 1340 691 1351 Ι

342 1452 345 1457 ,
422 1380 619 1451 Candidius
770 1380 989 1451 candidioris

419 1483 506 1553 Plus
770 1483 884 1575 pluris
909 1483 1005 1553 lacit.

712 1633 818 1706 AUS.

767 1749 885 1819 laudis

769 1853 917 1922 fraudis.

742 1990 786 2060 X.

369 2107 622 2201 Monosyllaba
646 2108 721 2180 sere
748 2134 813 2203 per
841 2112 891 2181 cis
916 2108 1093 2202 genitivos
1116 2109 1265 2194 faciunt,

268 2221 308 2279 ut
1120 2235 1123 2240 '

282 2294 293 2310 “
420 2313 495 2383 an

423 2414 526 2485 Merx

423 2518 505 2589 Nux
681 2582 683 2586 ,
768 2519 870 2589 nucis

424 2619 491 2689 Pix
769 2621 858 2713 picis

422 2719 505 2792 Dux
771 2724 883 2794 ducis.

230 2856 233 2863 ·
371 2837 530 2909 Paucula
555 2842 732 2934 quaedam
756 2864 822 2931 per
846 2839 898 2932 gis
917 2840 1054 2912 faciunt
1075 2837 1265 2932 genitivos,

270 2953 309 3008 ul

420 1746 517 1819 Laus

419 1853 518 1921 fraus

770 2314 861 2385 arcis

770 2416 898 2487 mercis

423 3042 519 3113 Grex

422 3142 498 3215 Lex

424 3247 503 3319 Rex

421 3350 518 3422 frux

422 3454 528 3547 Stryx

773 3045 888 3137 gregis

771 3148 859 3239 legis

771 3250 865 3341 regis

771 3354 882 3446 frugis

773 3456 914 3549 strygis.

652 3604 700 3673 Et
726 3604 882 3675 Graeca:

776 3744 935 3822 σφιγγος

774 3817 950 3924 orvyo'c‘)

764 3929 888 4049 ..³3⁰¹ss
913 3926 1008 3997 facit.

264 3786 269 3795 ·
386 3793 389 3798 -
426 3717 543 3843 vafri

424 3825 518 3994 tl

373 4200 444 4271 Per
461 4200 511 4271 cis
526 4200 701 4292 genitivos
717 4203 884 4286 faciunt,¹
898 4214 938 4272 ut

424 4320 554 4391 Audax
772 4323 916 4393 audacis

425 4419 570 4517 Syphax
771 4420 960 4519 Syphacis.

373 4543 502 4613 Latina
518 4543 773 4615 consuetudine
790 4526 1161 4636 produxit’Sidonius:

373 4645 479 4714 'l'olle
508 4657 608 4716 tuum
639 4671 767 4738 precor
794 4645 1033 4717 Hannibalem
1060 4647 1264 4742 victumque

273 4742 472 4838 Syphacem
482 4747 527 4844 ⁰).

376 4850 511 4920 Graeca
533 4853 790 4923 consuetudine
811 4853 986 4945 corripuit
999 4849 1194 4924 luvenalis:

274 5050 313 5121 Μ
369 4953 624 5125 ὖῖοωρυίἱηιω
653 4958 783 5026 durum
808 4952 1006 5048 Syphacem
1037 4955 1264 5049 fractumque

314 5065 368 5123 ete
396 5082 427 5129 e.

839 459 963 533 run.
995 458 1109 533 mr.
1141 455 1347 532 scatere
1376 453 1715 531 rnnocoorca
1766 402 1785 421 ”

731 4030 855 4152 xil-²
1026 4142 1029 4152 ,
1290 4027 1351 4132 Ι’

2230 407 2310 537 aso

1492 628 1586 701 Nam
1612 629 1749 700 Graeca
1775 631 1850 700 fere
1872 630 2130 722 corripiuntur.

1247 770 1250 775 ’
1354 745 1536 847 ,κόλαξΙἿ
1563 746 1719 830 κόλακος
1821 746 1938 845 κόραξ
1945 749 1992 848 1’)
2018 743 2177 846 κόρακος
2193 761 2259 822 etc.

1772 902 1851 978 Ex,

1416 1020 1483 1095 lcis
1496 1024 1672 1115 genitivos
1686 1024 1842 1109 iaciunt,
1867 1025 1968 1095 brevi
1986 1025 2205 1118 penultima,
2231 1038 2273 1095 ut

1471 1141 1594 1213 Codex
1818 1143 1951 1215 codicis

1471 1245 1567 1316 Silex
1818 1246 1937 1318 silicis.

1736 1398 1870 1491 Excipe
1881 1427 1888 1467 :

1468 1517 1606 1588 Remex
1818 1518 1965 1609 remigis

1469 1619 1585 1690 Senex

1469 1723 1660 1815 Suppellex

1470 1824 1611 1895 Vervex

1820 1621 1914 1692 senis

1763 1784 1767 1791 .
1821 1723 2074 1816 suppellectilis

1819 1827 1998 1909 vervecis,
2024 1822 2226 1917 longum¹¹)

1470 1925 1587 1997 Vibex
1819 1916 1962 2013 vstis,
1988 1930 2094 2028 longa
2111 1925 2313 2020 penultima

1316 2044 1401 2114 lecit
1414 2044 1558 2118 Persius
1575 2042 1666 2145 [Sat.
1682 2046 1719 2131 4,
1736 2042 1953 2144 49-52.]:

1418 2166 1456 2237 Si
1479 2168 1601 2259 puteal
1618 2168 1731 2237 multa
1757 2180 1882 2261 cautus
1897 2167 2011 2236 vibice
2027 2166 2196 2257 flagellas,

1417 2268 1472 2342 Nc
1495 2269 1687 2365 quicquam
1713 2272 1848 2363 populo
1873 2268 2014 2340 bibulas
2036 2268 2230 2339 donaveris
2249 2289 2313 2337 au·

1420 2396 1632 2565 Respiceesl')
1654 2476 1751 2569 quod
1773 2498 1848 2543 non
1872 2499 1929 2559 es,
1955 2474 2060 2542 tollat
2075 2496 2138 2543 sua
2157 2496 2310 2543 munera

1419 2579 1724 2763 Terurcritliibita‚
1751 2693 1787 2749 et
1806 2679 1905 2750 noris
1927 2702 2037 2771 quam
2059 2679 2106 2748 sit
2126 2676 2191 2746 tibi
2209 2688 2312 2747 curta

1521 2783 1715 2875 suppellex.

1785 2898 1852 2971 Ill.-

1421 3020 1609 3092 Genitivos
1630 3020 1767 3090 faciunt
1789 3044 1854 3112 per
1873 3018 1956 3103 icis,
1981 3018 2081 3089 brevi
2101 3016 2316 3109 penultima,

1470 3220 1530 3295 hic
1611 3259 1613 3262 ·
1631 3223 1724 3294 calix
1877 3222 1997 3295 calicis

1470 3324 1530 3397 bic
1633 3327 1734 3397 varix
1876 3326 2005 3397 varicis
2031 3327 2226 3420 uberbeyn.

1471 3427 1530 3500 hic
1632 3431 1753 3500 fornix
1875 3429 2033 3499 fornicis.

1629 3581 1677 3652 Et
1701 3582 1919 3665 foeminina,
1945 3594 1987 3651 ut

1471 3699 1562 3772 baec
1631 3703 1811 3795 appendix
1878 3701 2084 3794 appendicis

1472 3802 1561 3876 haec
1628 3806 1722 3875 larix
1874 3805 1993 3874 laricis

1471 3903 1560 3977 haec
1629 3908 1718 3979 salix
1874 3907 1990 3978 salicis
2105 3978 2108 3987 ,

1471 4006 1560 4081 haec
1628 4011 1802 4081 coxendix
1872 4008 2085 4080 coxendicis.

1729 4166 1899 4236 Serenus:

1420 4285 1569 4378 Saepius
1587 4285 1745 4355 occultus
1759 4285 1850 4353 victa
1869 4283 2059 4352 coxendice
2075 4282 2231 4352 morbus.

1610 4491 1614 4503 .
1672 4436 1805 4530 Excipe
1831 4438 1955 4527 longa:

1317 4557 1529 4629 Foeminina
1544 4554 1738 4651 ‚longa¹⁸):
1791 4553 1926 4625 Cornix
2005 4554 2157 4624 cornicis

1790 4657 1908 4727 Radix
2004 4657 2135 4727 radicis

1788 4759 1905 4830 Lodix
2003 4759 2129 4828 lodicis

1789 4846 1920 4933 Perdix
2004 4859 2156 4952 perdicis

1517 5019 1519 5022 -
1658 4979 1693 5036 et
1711 4961 1770 5036 bic
1787 4967 1913 5039 sandix
2002 4960 2164 5034 sandicis.

1317 5126 1523 5137 -ο--κ-ι-

1351 5218 1400 5286 10)
1418 5215 1504 5280 κόλαξ
1521 5257 1528 5270 .
1545 5256 1551 5269 .
1570 5214 1667 5287 κόραξ]
1696 5220 1723 5270 bi
1747 5218 1913 5271 Nonioetlvt
1937 5218 1966 5267 tn
1989 5214 2074 5268 uolet.
2099 5215 2193 5282 tm,
2220 5213 2305 5278 tm,

1270 5279 1276 5298 '
1352 5297 1358 5318 ¹
1385 5291 1462 5342 tuo.
1479 5300 1534 5340 non
1549 5289 1690 5354 teguntur.

307 5357 470 5477 θῃραίιιᾱίο
486 5383 521 5394 -
539 5355 673 5476 ,idom
691 5356 741 5407 rt.
759 5368 784 5409 s.
797 5366 842 5407 aa
867 5354 1043 5406 toentntnon
1061 5355 1173 5418 peoudts
1187 5356 1264 5423 nott,

363 5439 396 5476 en
409 5439 471 5476 mn
487 5438 554 5489 peso
582 5439 606 5476 s.

307 5508 340 5579 7)
357 5510 420 5579 per]
440 5511 470 5562 ln
486 5511 537 5563 lte
555 5525 579 5560 s.
592 5521 619 5562 s.
637 5511 726 5562 deest.

307 5594 341 5662 8)
358 5598 497 5664 σφίγξ-
515 5591 627 5663 meyde]
645 5597 694 5646 ltu.
711 5610 735 5648 s.
748 5609 789 5650 a:
816 5596 918 5660 Sphinx
930 5596 1064 5661 sphingis,
1083 5599 1155 5661 Styx
1171 5593 1265 5661 stygis
1307 5630 1309 5637 ·

309 5679 341 5744 9)
358 5683 410 5734 ltlo
428 5692 530 5733 verm
549 5693 603 5733 non
621 5683 666 5732 cst
679 5680 804 5745 steterit,
828 5682 879 5734 ssd
896 5681 1036 5733 luvenalis
1055 5682 1157 5748 SM,
1173 5680 1230 5733 170.

1351 5371 1400 5439 11)
1416 5374 1555 5438 longum]
1572 5371 1616 5423 sto
1635 5373 1720 5424 mitt.
1738 5372 1831 5436 tm,
1850 5370 1943 5434 1610.)
1966 5370 2016 5420 tlt.
2037 5369 2112 5422 1616.
2131 5369 2232 5432 loom
2254 5368 2306 5417 nt.

1382 5455 1408 5497 ι.
1421 5453 1447 5493 ι
1463 5443 1549 5506 longe
1565 5441 1662 5493 medis.

1348 5524 1396 5594 12)
1414 5523 1545 5592 meotes]
1563 5525 1698 5577 nonno
1714 5526 1801 5591 tm,
1819 5526 1906 5592 lm,
1927 5525 2014 5592 Μ,
2031 5536 2109 5587 s.s.;
2133 5520 2247 5576 Persius
2262 5521 2307 5571 ed.

1345 5594 1348 5599 ’
1382 5595 1490 5658 Koentg
1505 5596 1603 5646 hebeti
1625 5596 1736 5657 nuptie
1997 5631 1999 5634 .

1350 5681 1398 5747 tr)
1414 5676 1513 5747 lona]
1530 5679 1561 5730 ln
1576 5680 1660 5732 Etlltt
1680 5678 1767 5747 tm,
1784 5693 1808 5732 s.
1822 5692 1848 5732 r.
1865 5680 1954 5732 teuc
