5125 6525
131 439 210 514 ω.
763 427 1123 507 monstretur
1146 427 1214 503 an
1240 427 1382 507 vom.
1409 430 1535 510 1-x.
2086 413 2166 527 ord

87 625 89 664 Ι
234 607 389 701 Reliqua
432 617 485 677 cst
522 628 594 676 una
628 601 746 676 adbuc
770 603 927 687 utilitas,
972 615 1123 695 propter
1174 605 1452 702 tenerrimarum
1487 609 1755 699 membrorum,
1794 637 1871 685 non
1896 612 2054 688 humana
2083 628 2166 714 ope,

87 721 90 768 t
132 736 243 810 mam
266 711 338 781 tale
355 707 609 779 calendarium
631 706 771 779 institui
794 705 832 775 in
850 704 977 797 primis
992 727 1122 775 conve-
1173 708 1234 776 sed
1257 707 1328 776 Dei
1348 706 1515 803 soltusn)
1536 714 1737 801 praesentia
1754 717 1898 789 servati.

87 827 91 873 ¹
131 816 199 887 nit.
249 812 446 885 Nemeum
469 810 664 903 unicuique
686 809 725 878 in
738 810 811 878 vita
827 809 940 878 multa
958 807 1123 877 accident
1275 808 1330 879 Eo
1352 812 1411 879 die
1433 824 1566 883 matres
1586 826 1731 886 nostrae
1749 841 1768 886 a
1788 832 1963 912 perpetuo
1978 821 2164 915 languore,

87 929 91 976 t
132 918 315 1009 insperata
330 926 438 1007 atque
452 912 671 1005 improvisa,
696 913 828 1004 partim
850 911 963 993 laeta,
987 910 1121 1002 partim
1174 933 1279 1003 quem
1296 924 1420 983 uterus
1435 914 1552 998 affert,
1577 917 1728 1002 levatae,
1748 933 1783 989 et
1797 921 1972 994 foeliciter
1989 925 2170 996 eluctatae'

87 1017 104 1080 l·
133 1018 269 1101 uistia,
301 1018 340 1086 in
368 1016 497 1109 quibus
520 1015 589 1085 Dei
618 1014 851 1086 certissimam
880 1012 1121 1105 praesentiam
1172 1026 1257 1083 runt
1278 1037 1343 1106 per
1366 1016 1612 1089 acerbissimos
1634 1021 1776 1093 dolores
1798 1037 1942 1116 partus,
1981 1027 2043 1120 qni
2068 1052 2163 1098 non·

134 1144 260 1192 omnes
273 1120 399 1189 attenti
418 1118 668 1209 experiuntur:
704 1117 806 1186 valde
823 1118 969 1206 prodest
992 1137 1122 1206 pueros
1173 1139 1359 1209 nunquam
1392 1119 1566 1190 enitentes
1599 1134 1731 1194 matres
1760 1149 1834 1196 una
1860 1151 1940 1197 cum
1966 1128 2163 1202 infantibus

87 1243 89 1272 ¹
134 1222 302 1316 aprimis
325 1221 445 1293 statim
469 1220 573 1290 anuis
592 1219 771 1290 assuefieri
792 1221 838 1287 ad
857 1214 950 1286 hanc
974 1217 1122 1307 diligen·
1174 1217 1425 1288 miserabiliter
1438 1222 1669 1313 extinguunt,
1696 1237 1731 1296 et
1744 1242 1826 1318 post
1841 1242 1983 1321 partum
2000 1231 2162 1302 foelicem

133 1325 243 1409 tiam,
270 1335 310 1393 ut
332 1336 493 1413 tempora
515 1322 659 1392 illorum
680 1320 934 1391 beneficiorum
950 1318 1019 1387 Dei
1041 1318 1121 1389 dili·
1172 1332 1324 1412 uterquc
1345 1345 1475 1413 parens
1499 1349 1629 1411 magna
1653 1328 1697 1397 de
1730 1331 1834 1402 nobis
1863 1332 2102 1404 sollicitudine
2128 1346 2164 1404 et

133 1438 259 1520 genter
283 1426 470 1494 observent
495 1437 531 1493 et
554 1437 749 1506 annotant,
781 1448 823 1493 ac
838 1424 896 1492 vel
911 1418 979 1491 boc
994 1422 1121 1492 saltem
1175 1436 1271 1492 metu
1286 1424 1467 1507 liberatus,
1494 1449 1560 1496 nos
1576 1452 1698 1501 recens
1715 1433 1828 1505 editos
1842 1435 1937 1505 ulnis
1951 1437 2035 1520 suis,
2063 1459 2164 1507 oscu-

134 1531 244 1598 modo
265 1526 319 1595 illi
341 1527 582 1619 deplorandae
604 1526 787 1598 securitati
808 1539 843 1596 ct
858 1524 1034 1595 oblivioni
1049 1548 1122 1593 me·
1172 1525 1216 1595 lis
1233 1539 1268 1594 et
1282 1526 1351 1617 piis
1367 1526 1459 1596 votis
1476 1527 1589 1599 laetus
1606 1536 1754 1625 excepit,
1780 1551 1815 1606 et
1833 1538 1933 1607 omni
1950 1539 2062 1607 animi
2078 1559 2162 1609 cura

133 1634 307 1714 deantur,
340 1653 432 1723 quae
455 1629 547 1699 solet
566 1628 673 1698 etiam
691 1629 796 1699 bonis
810 1627 946 1721 alioqui
965 1623 1122 1696 bomini·
1174 1651 1215 1697 ac
1230 1630 1349 1699 studio
1365 1629 1570 1720 complexus
1587 1646 1649 1704 est.

133 1735 201 1805 bus
225 1733 420 1823 obrepere,
453 1731 502 1800 ita
527 1743 567 1800 ut
588 1732 696 1823 paulo
721 1744 821 1824 post,
853 1755 961 1824 quam
993 1729 1051 1798 vel
1080 1752 1123 1797 ex
1274 1728 1330 1799 Eo
1356 1731 1413 1799 die
1436 1755 1516 1801 cum
1542 1735 1618 1801 nati
1641 1760 1796 1809 essemus
1819 1741 1856 1808 in
1872 1753 1973 1811 reatu
1992 1741 2067 1811 irae
2081 1742 2164 1827 Dei,

133 1834 293 1929 periculo
318 1834 441 1927 aliquo
466 1833 581 1902 atroci
603 1832 736 1925 erepti,
766 1834 822 1903 vel
845 1834 1037 1902 commodo
1059 1831 1123 1899 ali·
1173 1843 1209 1901 et
1232 1833 1370 1901 aeterni
1391 1833 1509 1917 exitii,
1546 1849 1735 1925 parentum
1763 1842 1821 1931 pia
1847 1843 2016 1914 sedulitas
2037 1844 2166 1916 detulit
2196 1827 2199 1834 ’

134 1963 208 2033 quo
223 1937 405 2028 insperato
425 1935 597 2005 divinitus
619 1934 768 2029 aucti¹⁰)
789 1948 893 2019 sunt,
920 1959 1063 2004 omnem
1081 1932 1123 2000 il·
1174 1958 1239 2003 nos
1256 1934 1412 2026 primum
1427 1937 1592 2027 precibus
1609 1942 1816 2014 ardentibus
1836 1948 1880 2014 ad
1900 1946 2016 2037 ipsum
2035 1945 2165 2033 Deum,

134 2040 253 2112 lorum
281 2040 460 2108 bonorum
493 2041 704 2108 memoriam
738 2038 817 2109 aliis
846 2036 1122 2129 cogitationibus
1174 2036 1303 2108 deinde
1323 2038 1430 2107 etiam
1449 2041 1494 2107 ad
1510 2040 1746 2114 ministerium
1762 2047 1893 2138 ipsius,
1924 2048 1988 2118 ubi
2008 2073 2165 2121 ceremo-

134 2142 251 2215 excuti
262 2141 330 2211 sibi
346 2154 409 2211 aut
425 2141 529 2210 obrui
545 2142 739 2232 patiantur.
1008 2207 1012 2216 ,
1174 2138 1232 2207 nia
1251 2137 1485 2237 Baptismi¹')
1513 2166 1533 2211 a
1552 2138 1694 2216 Christo
1717 2148 1878 2220 instituta
1902 2150 2026 2222 inserti
2043 2152 2163 2224 Eccle-

181 2317 186 2326 ,
237 2243 329 2314 Huic
368 2244 604 2333 negligentiae
647 2255 682 2313 et
720 2244 904 2312 affectatae
948 2237 1123 2309 oblivioni
1173 2242 1263 2326 siae,
1290 2254 1326 2311 et
1343 2246 1543 2334 regenerati
1560 2272 1701 2333 sumus,
1729 2264 1763 2320 et
1784 2255 1963 2324 consecuti
1984 2258 2165 2329 remissio·

136 2346 303 2418 omnibus
320 2346 385 2416 viis
401 2348 659 2415 occurrendum
676 2358 746 2428 est,
775 2370 853 2413 cum
872 2343 1045 2433 flagitiosa
1064 2341 1123 2424 sit,
1173 2369 1255 2412 nem
1280 2359 1528 2434 peccatorum,
1563 2351 1645 2417 lacti
1672 2376 1794 2424 sumus
1815 2356 1879 2424 filii
1895 2355 1983 2440 Dei,
2014 2360 2103 2429 socii
2129 2374 2164 2431 et

136 2462 171 2519 et
194 2449 338 2538 indigna
359 2449 427 2537 piis
448 2448 597 2531 animis,
624 2472 714 2540 quos
731 2446 852 2513 omnia
870 2443 938 2512 Dci
956 2468 1064 2534 opera
1083 2444 1120 2510 in
1173 2442 1345 2517 haeredes
1360 2449 1497 2517 aeterni
1513 2451 1627 2541 regni,
1653 2468 1820 2525 aeternae
1834 2457 1990 2528 iustitiae
2004 2474 2040 2530 et
2057 2462 2163 2534 vitae,

136 2563 327 2642 conspectu
355 2545 508 2632 habere,
542 2564 578 2618 et
599 2562 770 2641 perpetua
794 2547 1010 2638 gratitudine
1034 2547 1122 2613 cele·
1173 2545 1225 2616 lta
1250 2551 1376 2619 eodem
1400 2549 1458 2620 die
1481 2550 1589 2623 simul
1613 2557 1650 2625 in
1672 2553 1766 2627 banc
1788 2559 1899 2628 vitam
1926 2565 2163 2653 temporalem

134 2655 241 2722 brare
256 2653 377 2735 dccet,
398 2674 472 2721 non
489 2650 571 2720 ideo
585 2663 745 2747 tantum,
772 2664 812 2719 ut
825 2649 942 2720 Deum
958 2660 1120 2717 autorem
1173 2650 1321 2741 ingressi
1339 2675 1482 2736 sumus,
1507 2667 1542 2724 et
1558 2656 1707 2730 alteram
1727 2663 1936 2732 duraturam
1955 2664 1994 2733 in
2011 2666 2164 2736 aeterni·

135 2767 318 2825 tantorum
345 2754 524 2823 bonorum
550 2766 586 2823 et
607 2753 880 2836 liberationum,
913 2751 1034 2821 debito
1057 2746 1122 2818 ho·
1174 2765 1282 2823 tatem
1301 2751 1562 2828 inchoavimus.
1821 2821 1829 2835 ,

135 2881 225 2928 nore
254 2856 482 2948 gratitudinis
513 2856 651 2939 colant,
690 2856 883 2926 sedetiam
904 2867 945 2925 ut
966 2878 1003 2924 se
1026 2852 1122 2945 ipsos
1276 2858 1397 2950 Quare
1428 2860 1680 2951 aequissimum
1703 2878 1775 2950 est,
1813 2891 1879 2937 nos
1902 2863 2032 2940 horum
2056 2871 2163 2940 bene-

134 2960 286 3032 subinde
309 2959 522 3041 exuscitent,
552 2959 590 3026 in
606 2960 712 3029 rebus
732 2956 894 3029 secundis
911 2957 1055 3049 quidem
1076 2957 1122 3024 ad
1171 2958 1339 3029 liciorum
1359 2962 1571 3032 memoriam
1596 2990 1676 3037 cum
1702 2968 1791 3039 alias
1812 2993 1938 3061 saepe,
1968 2984 2043 3041 tum
2059 2996 2162 3064 prae-

134 3063 301 3133 timorem
318 3060 386 3131 Dei
401 3075 436 3130 et
452 3063 497 3129 ad
512 3062 743 3145 modestiam,
772 3085 817 3131 ne
835 3084 899 3151 per
914 3059 1121 3151 impruden·
1174 3061 1275 3151 cipue
1291 3063 1347 3133 die
1364 3064 1476 3133 natali
1497 3078 1621 3138 nostro
1645 3092 1840 3154 renovare,
1870 3084 1906 3142 et
1920 3071 1998 3143 Deo
2021 3074 2161 3144 ardenti

136 3166 222 3236 tiam
247 3178 309 3236 aut
331 3164 437 3234 aliam
463 3164 603 3255 culpam
625 3188 726 3233 suam
743 3163 962 3242 calamitates
980 3160 1046 3232 sibi
1065 3184 1122 3229 ac·
1173 3176 1317 3255 pectore
1338 3168 1471 3255 gratias
1490 3191 1614 3258 agere,
1649 3194 1724 3241 non
1749 3174 1859 3243 modo
1881 3198 1948 3264 pro
1971 3175 2066 3245 illius
2089 3176 2180 3245 diei·

136 3282 294 3352 cersaat,
320 3268 452 3339 similes
475 3268 563 3352 illis,
590 3292 633 3337 ex
655 3268 784 3360 quibus
804 3259 1054 3357 se'aliquando
1070 3262 1122 3331 di·
1173 3269 1370 3352 beneficiis,
1403 3293 1527 3339 verum
1553 3274 1660 3343 etiam
1685 3298 1752 3365 pro
1774 3277 1913 3370 reliqua
1930 3278 2068 3349 infinita
2085 3276 2160 3349 eius

136 3372 268 3442 vinitus
299 3383 473 3441 extractos
502 3394 576 3441 esse
607 3371 859 3447 recordantur;
900 3367 937 3434 in
965 3365 1122 3435 adversis
1173 3370 1352 3452 bonitate,
1385 3395 1456 3464 qua
1477 3397 1544 3444 nos
1566 3376 1612 3444 ab
1635 3378 1698 3446 illo
1720 3379 1778 3449 die
1803 3402 1964 3470 egressus
1984 3381 2100 3450 nostri
2118 3404 2161 3450 ex

136 3499 223 3545 vero
247 3474 371 3555 rebus,
405 3477 450 3540 ad
474 3470 766 3560 implorationem
788 3482 824 3539 et
840 3469 1120 3559 expectationem
1173 3485 1276 3542 utero
1299 3486 1484 3560 materno,
1514 3477 1560 3546 ad
1583 3493 1806 3570 praesentem
1825 3506 1938 3575 usque
1954 3478 2082 3551 horam
2101 3481 2161 3551 be-

136 3577 280 3646 divinae
305 3573 384 3663 opis
406 3597 446 3641 ac
464 3572 705 3656 liberationis,
731 3597 839 3667 quam
858 3584 961 3640 antea
978 3593 1123 3665 qnoque
1174 3575 1281 3665 aigne
1304 3577 1480 3660 defendit,
1507 3579 1616 3665 aluit,
1642 3582 1841 3680 docuitss),
1868 3597 1903 3653 et
1925 3585 2161 3655 conservavit.

137 3679 174 3748 in
206 3677 313 3747 rebus
346 3676 494 3745 fortasse
528 3676 640 3766 magis
667 3675 841 3748 intricatis
867 3688 901 3745 et
926 3674 1123 3766 desperatis
1175 3677 1285 3747 Decet
1310 3679 1417 3747 etiam
1441 3701 1507 3751 nos
1526 3685 1651 3754 eodem
1673 3686 1731 3756 die
1743 3686 1859 3757 Deum
1877 3709 2001 3772 orare,
2025 3686 2161 3757 utreli-

136 3798 219 3858 sunt
239 3780 386 3873 experti.
1175 3806 1286 3873 quum
1315 3781 1408 3852 vitae
1428 3796 1571 3854 nostrae
1595 3788 1811 3862 curriculum
1835 3791 2028 3859 clementer
2049 3802 2160 3879 regat,

239 3887 361 3978 Quare
383 3886 521 3955 dabunt
544 3908 690 3976 operam
712 3882 856 3975 ingenui
876 3881 998 3974 pueri,
1027 3891 1123 3949 utet
1174 3908 1311 3978 nosque
1342 3887 1507 3970 adiuvet,
1546 3901 1587 3958 ut
1615 3892 1791 3983 possimus
1812 3915 1886 3965 esse
1909 3885 2020 3985 σκεύη
2041 3888 2162 3972 ἐλέους

91 4066 100 4075 ‚
138 3990 228 4061 alios
250 3989 324 4059 dies
342 3988 531 4079 diligenter
545 3988 582 4056 in
597 4012 663 4058 sno
678 3985 891 4057 Calendario
908 3982 1123 4064 adscribant,
1173 3987 1342 4057 salutaria
1365 3990 1470 4060 nobis
1490 3989 1577 4080 ipsis
1599 4007 1634 4064 et
1648 3992 1847 4079 Ecclesiae,
1873 4018 1914 4062 ac
1930 3995 2080 4064 intanta
2098 4015 2163 4062 uo-

138 4093 268 4188 quibus
288 4116 326 4161 se
350 4104 412 4161 aut
435 4091 472 4160 in
497 4115 628 4181 magno
651 4091 745 4159 vitae
762 4088 987 4170 discrimine,
1014 4085 1123 4175 apri·
1173 4102 1246 4160 stra
1268 4091 1509 4161 imbecillitate
1530 4105 1673 4167 tueatur
1694 4111 1728 4170 et
1747 4106 1919 4167 sustentet
1933 4118 2000 4167 nos
2015 4097 2060 4164 ad
2076 4094 2163 4163 alte-

137 4197 206 4266 mis
230 4194 401 4264 infantiae
423 4194 526 4264 annis
547 4193 717 4264 divinitus
739 4204 899 4264 servatos
922 4214 941 4269 a
967 4188 1122 4281 parenti·
1174 4216 1253 4264 rum
1287 4217 1399 4286 usque
1429 4195 1640 4282 transitum,
1680 4224 1752 4294 quo
1777 4222 1899 4268 rursus
1923 4220 1965 4266 ex
1984 4191 2053 4264 bac
2076 4195 2163 4279 vita,

136 4299 203 4369 bus
232 4298 305 4370 suis
333 4297 543 4380 audieruut,
581 4310 643 4366 aut
672 4297 793 4390 aliquo
819 4295 1001 4385 insperato
1026 4293 1122 4360 bono
1174 4308 1346 4388 tanquam
1369 4320 1411 4364 ex
1436 4296 1517 4365 alvo
1542 4313 1704 4371 materna
1730 4312 1765 4371 et
1784 4297 1987 4370 tristissimo
2007 4319 2160 4379 carcere,

138 4402 337 4471 cumulatos
368 4424 442 4471 esse
470 4399 729 4481 meminerunt,
768 4410 803 4467 et
830 4397 868 4464 in
888 4395 1015 4487 primis
1040 4417 1121 4463 eum
1174 4398 1210 4465 in
1234 4398 1353 4467 sinum
1377 4411 1413 4467 et
1433 4400 1655 4490 complexum
1670 4402 1757 4487 Dei,
1784 4415 1820 4471 et
1843 4413 2024 4470 aeternam
2042 4398 2160 4469 lucem

138 4504 233 4572 diem
257 4502 446 4593 diligenter
470 4527 513 4572 cx
535 4502 742 4593 parentibus
762 4499 983 4571 sciscitentur
1008 4509 1043 4565 et
1058 4519 1123 4564 no-
1175 4499 1341 4568 arvitam
1360 4502 1572 4587 educemur,
1599 4517 1634 4574 et
1645 4517 1786 4597 petere,
1812 4516 1869 4586 ut,
1894 4502 1985 4571 sicut
2001 4501 2105 4570 nobis
2121 4499 2161 4568 in

138 4618 234 4688 tent,
260 4630 332 4699 quo
358 4619 441 4675 sunt
462 4631 504 4674 ex
524 4618 627 4675 utero
650 4617 814 4674 materno
837 4602 875 4670 in
899 4596 992 4670 banc
1007 4598 1121 4671 lucem
1174 4602 1293 4692 primo
1316 4603 1411 4672 exitu
1435 4616 1559 4674 nostro
1581 4633 1625 4677 ex
1646 4607 1771 4678 matris
1794 4618 1917 4688 utero,
1951 4628 2014 4673 ceu
2038 4603 2160 4674 sedula

138 4708 315 4800 producti.
374 4708 467 4779 Nam
492 4732 571 4777 cnm
594 4703 653 4777 hic
675 4707 750 4776 dies
773 4706 877 4775 nobis
898 4725 1122 4775 summorum
1174 4718 1210 4775 et
1231 4704 1397 4777 salutaris
1420 4707 1592 4780 obstetrix
1614 4711 1745 4794 adluit,
1777 4708 1827 4777 ita
1851 4706 1996 4777 alterius
2016 4727 2161 4800 quoque

137 4811 391 4881 beneficiorum
410 4809 477 4880 Dei
499 4810 710 4880 memoriam
736 4809 774 4876 in
790 4808 951 4878 animum
968 4817 1124 4887 revocet,
1174 4832 1334 4899 egressus
1362 4809 1477 4879 nostri
1498 4834 1540 4879 er
1561 4809 1629 4883 hac
1651 4812 1724 4882 vita
1747 4811 1990 4882 difficultatem
2011 4822 2046 4877 et
2067 4806 2162 4898 peri·

138 4937 268 4984 sumno
292 4912 410 4983 studio
432 4926 484 4983 est
508 4914 770 4997 observandus,
811 4922 847 4979 et
868 4922 966 5000 grata
993 4932 1034 4977 ac
1062 4906 1122 4998 pia
1175 4911 1273 4995 cula,
1299 4935 1361 4980 sua
1383 4914 1584 5002 praesentia
1610 4927 1645 4985 et
1668 4914 1801 4986 auxilio
1818 4914 2008 4984 clementer
2023 4910 2163 5001 mitiget

138 5016 271 5085 laetitia
288 5016 481 5108 quotannis
495 5016 738 5085 celebrandus.
1176 5025 1211 5082 et
1235 5013 1419 5105 gubernet.

239 5117 294 5188 Eo
328 5119 423 5188 enim
453 5118 510 5189 die
536 5143 578 5188 ex
604 5118 764 5189 tristibus
786 5114 943 5185 tenebris
970 5112 1122 5182 materni
1276 5114 1346 5185 Sed
1378 5115 1486 5187 nimis
1517 5118 1580 5188 diu
1611 5119 1771 5190 fortassis
1798 5117 1940 5188 detineo
1961 5112 2029 5185 bac
2052 5114 2173 5205 longa,

139 5218 245 5304 uteri,
270 5233 442 5312 tanquam
461 5246 505 5290 ex
519 5224 611 5290 duro
626 5243 777 5302 carcere,
804 5217 841 5286 in
858 5213 950 5286 hanc
967 5215 1122 5306 amplam
1176 5218 1518 5289 commemoratione
1539 5220 1735 5317 utilitatum
1758 5246 1837 5305 eos,
1869 5219 1931 5315 qui
1957 5220 2070 5311 ipsam
2094 5216 2163 5294 Ca,-

139 5324 257 5391 sedem
275 5323 453 5413 perfusam
470 5323 612 5394 coelesti
629 5324 725 5407 luce,
751 5345 873 5391 sumus
896 5318 1062 5401 extracti,
1089 5329 1125 5386 et

140 5424 177 5492 in
200 5424 261 5493 illo
287 5425 441 5495 transitu
464 5425 694 5508 difficillimo,
734 5436 769 5493 et
791 5425 881 5493 dura
911 5420 1123 5490 tractatione
1210 5487 1259 5547 ¹¹)
1276 5486 1380 5548 mum]
1399 5486 1441 5538 m
1457 5486 1563 5552 Μ,
1589 5466 1679 5541 Μ
1696 5484 1785 5551 'mu

138 5583 346 5598 ---
1211 5570 1260 5630 tr)
1278 5571 1427 5634 repen-t]
1445 5571 1487 5621 nc
1503 5571 1554 5625 rt.
1567 5571 1613 5636 aa
1635 5571 1670 5621 n
1686 5569 1737 5621 rt.
1751 5571 1776 5622 ι.
1793 5568 1880 5619 aaut

83 5712 87 5719 ,
175 5658 223 5727 to)
241 5659 330 5722 euctl]
347 5657 390 5712 ele
406 5657 458 5711 rt.
470 5658 516 5725 ..ς
539 5658 589 5713 rt
602 5659 628 5711 1.
644 5656 737 5710 electi
1211 5655 1260 5718 u)
1277 5655 1404 5725 drealt‚]
1427 5656 1468 5709 de
1482 5648 1590 5724 lna
1616 5654 1666 5707 ld.
1678 5654 1702 5706 t.
1718 5650 1850 5717 usuale,
