5125 6525
263 443 340 534 su
2235 420 2303 514 ass

261 614 425 698 tabulae,
446 612 603 705 apologi,
630 613 846 701 paroemiae‚
869 612 1081 704 parabolae,
1109 623 1143 679 et
1159 634 1250 705 quae
1303 609 1466 683 Socrates
1497 611 1701 701 colligebat:
1735 609 1897 681 Deorum
1918 625 2002 684 sunt
2027 608 2192 692 omnia,
2221 609 2301 680 Boni

264 730 349 789 sunt
369 713 474 786 huius
487 715 645 806 generis,
672 715 860 808 dequibus
876 715 987 784 multa
1005 711 1251 805 Quintilianus
1303 713 1371 780 viri
1385 714 1534 782 deorum
1553 725 1636 783 sunt
1651 713 1777 796 amici,
1803 727 1838 782 et
1854 713 2057 786 amicorum
2077 712 2218 782 omnia
2233 727 2300 782 suut

263 820 356 889 libro
380 817 519 910 quinto.
1303 814 1520 895 communia,
1538 839 1623 905 ergo
1637 827 1672 883 et
1686 815 1864 885 bonorum
1883 818 2048 886 virorum
2063 827 2166 886 sunt
2183 815 2299 886 omnis

365 918 503 989 Orestis
525 919 644 986 sabula
668 943 751 990 usus
764 931 817 987 est
833 918 1141 1008 tempestivissirne
1157 915 1250 986 Mar.
1303 915 1361 984 Sic
1388 911 1633 1005 Diophantus,
1658 913 1908 988 Themistoclis
1932 919 2045 989 lilius:
2109 917 2229 1009 Quod
2250 942 2298 1008 ego

263 1021 388 1092 Cicero
406 1045 474 1112 pro
491 1021 646 1090 Milone:
681 1018 804 1112 ltaque
821 1016 901 1100 hoc,
916 1020 1063 1102 iudices,
1083 1043 1158 1088 non
1174 1018 1251 1088 sine
1303 1019 1407 1100 volo,
1434 1018 1527 1085 idem
1553 1031 1668 1086 mater
1682 1020 1777 1101 vult,
1804 1022 1901 1112 quod
1925 1033 2064 1103 mater,
2097 1020 2206 1087 idem
2222 1016 2299 1089 The

264 1148 386 1194 caussa
408 1123 499 1193 lictis
518 1122 648 1194 fabulis
666 1122 860 1192 doctissimi
877 1117 1040 1191 homines
1056 1121 1251 1189 memoriae
1304 1120 1492 1203 mistocles,
1507 1122 1606 1212 quod
1623 1116 1892 1207 Themistocles,
1909 1122 2004 1191 idem
2023 1122 2200 1213 populus
2209 1118 2299 1191 Athe

262 1226 520 1316 prodiderunt,
555 1249 656 1306 eum,
684 1224 744 1317 qui
773 1224 885 1313 patris
911 1224 1103 1292 ulciscendi
1130 1246 1250 1291 caussa
1303 1221 1456 1303 niensis,
1483 1245 1567 1310 ergo
1591 1225 1690 1316 quod
1713 1247 1778 1312 ego
1795 1224 1899 1306 volo,
1931 1223 2031 1293 idem
2050 1225 2143 1292 vult
2162 1225 2299 1315 popolus

263 1339 415 1396 matrem
438 1328 652 1407 necavisset,
677 1326 825 1394 variatis
848 1322 1036 1393 hominum
1057 1324 1252 1405 sententiis,
1301 1319 1541 1410 Atheniensis.
1612 1323 1881 1413 Elegantissime
1910 1325 2048 1396 Paulus
2075 1327 2122 1393 in
2151 1323 2298 1416 Epistola

263 1453 339 1516 nnn
361 1430 476 1498 solum
501 1409 677 1510 humana,
711 1430 771 1496 sed
796 1441 832 1495 et
854 1430 941 1496 deae
970 1427 1251 1516 sapientissimae
1303 1428 1351 1494 ad
1373 1425 1557 1495 Hebraeos
1569 1422 1635 1519 ⁷⁴):
1669 1426 1877 1497 Sacerdotes
1899 1425 2172 1499 Mosaicisunt
2199 1428 2299 1496 mino-

263 1531 438 1610 sententia
458 1531 662 1599 liberatum.
701 1530 867 1620 Apologo
882 1553 945 1598 seu
961 1552 1065 1611 aeno,
1091 1530 1140 1597 sic
1155 1528 1250 1596 enim
1304 1551 1361 1596 res
1380 1523 1607 1610 Abrahamo,
1638 1523 1866 1599 Abrahamus
1888 1530 2011 1598 minor
2033 1543 2094 1600 est
2122 1526 2298 1599 Melchise-

262 1633 376 1704 serme
392 1632 586 1721 Aesopicos
605 1633 777 1722 apologos
793 1643 942 1713 vocant,
967 1655 1051 1701 usus
1068 1643 1121 1700 est
1137 1629 1253 1698 Hora·
1295 1624 1491 1722 ¹decho⁷⁶),
1516 1628 1665 1699 Mosaici
1684 1630 1792 1719 igitur
1807 1632 2009 1702 sacerdotes
2031 1633 2209 1702 minores
2228 1646 2299 1702 sunt
2340 1631 2341 1649 ¹

771 438 908 524 ,Pffllr
934 438 1047 511 MEL.
1074 438 1277 511 SCRIPTA
1302 437 1434 510 vemt
1458 438 1780 514 ARGUMENTI..

263 1732 411 1826 lius⁷¹):

264 1867 373 1960 Quod
390 1867 419 1936 si
436 1890 492 1934 me
508 1867 661 1957 populus
676 1865 863 1935 Romanus
878 1867 970 1934 forte
985 1881 1105 1957 roget,
1132 1893 1195 1937 eur

264 1968 362 2051 Non,
380 1982 422 2038 ut
438 1970 652 2060 porticibus,
679 1969 728 2036 sic
743 1969 882 2038 iudiciis
896 1970 996 2037 fruar
1012 1970 1151 2054 iisdem,

208 2093 211 2104 ·
263 2071 340 2143 ttae
369 2094 518 2163 sequar,
552 2093 593 2138 ac
619 2070 773 2159 fugiam,
800 2094 900 2168 ‘quae
927 2070 1044 2161 diligit
1070 2073 1165 2163 ipse,
1197 2072 1253 2138 vel

893 2173 969 2240 odit

264 2274 362 2340 Olim
380 2275 478 2365 quod
494 2274 616 2362 vulpes
633 2285 780 2366 aegroto
796 2275 906 2342 cauda
921 2226 1021 2341 lerini

263 2374 485 2466 Respondit,
510 2375 681 2443 referam:
709 2375 792 2467 quia
813 2398 869 2442 me
884 2377 1032 2466 vestigia
1047 2388 1195 2458 terrent,

264 2472 398 2549 Omnia
416 2489 449 2543 te
470 2476 892 2566 adversumspecnntia,
926 2479 1022 2547 nulla
1044 2491 1252 2548 retrorsum.

261 2609 451 2680 Paroemia
476 2634 560 2679 usus
578 2621 630 2680 est
643 2609 693 2679 M.
712 2610 836 2681 Cicero
854 2637 920 2702 pro
939 2612 981 2685 L.
996 2613 1144 2697 Flacco,
1162 2616 1254 2706 'pro'-

262 2711 386 2782 verbio
407 2711 513 2780 fidem
533 2712 681 2781 testibus
698 2713 893 2803 abrogans,
921 2740 993 2808 quo
1010 2716 1158 2794 dicitur:
1195 2714 1251 2784 Da

262 2827 428 2884 mutuum
462 2814 719 2884 testimonium.
779 2813 968 2887 Parabolis
995 2813 1094 2910 sacra
1120 2813 1251 2908 Christi

263 2915 426 2986 doctrina
451 2916 580 2982 relecta
604 2928 666 2983 est.
718 2916 835 2986 Adiici
859 2931 893 2986 et
916 2943 1069 3007 gnomae
1093 2944 1155 2989 seu
1172 2945 1251 2989 sen-

262 3017 396 3086 tentiae
411 3029 567 3108 possent,
592 3017 696 3109 quale
713 3031 765 3086 est
778 3018 867 3086 illud
885 3044 952 3111 pro
968 3019 1141 3089 Deiotaro
1157 3023 1252 3113 apud

260 3118 312 3189 M.
331 3117 560 3188 Ciceronem:
593 3116 749 3188 Pereant
773 3121 898 3204 amici,
924 3125 1010 3191 dum
1025 3124 1162 3191 inimici
1179 3148 1251 3192 una

260 3219 489 3304 intercidant,
516 3232 552 3289 et
563 3219 699 3293 Paulus
715 3222 833 3313 graeci
849 3237 975 3314 poetae
993 3225 1166 3296 versiculo
1183 3226 1252 3297 uti-

177 3383 183 3413 ,
260 3339 321 3394 tur
342 3325 380 3391 in
406 3318 602 3394 Corinthiis
616 3321 683 3418 ⁷²):
726 3322 973 3416 Corrumpunt
993 3328 1109 3398 bonos
1133 3353 1252 3400 mores

262 3429 552 3495 conversationes
566 3450 710 3517 pravae.
762 3426 831 3496 Sed
848 3424 962 3499 dehis
979 3430 1017 3497 in
1033 3429 1120 3503 locis
1136 3433 1250 3520 plura.

260 3526 366 3600 Nunc
388 3527 474 3597 satis
497 3527 544 3597 sit
570 3528 816 3612 admonuisse,
840 3524 929 3599 haec
952 3535 996 3600 ad
1012 3533 1164 3626 exempli
1179 3534 1251 3602 for·

261 3654 379 3710 mam,
406 3651 498 3720 quae
516 3628 622 3719 plane
638 3630 899 3722 simplicissima
918 3647 989 3716 est,
1016 3636 1206 3727 pertinere.

532 3793 592 3863 De
620 3799 983 3871 coacervatione.

365 3930 525 4020 Cognata
546 3930 753 4023 syllogismo
769 3936 992 4005 coacervatio
1010 3949 1081 4020 est,
1107 3963 1176 4033 qua
1194 3965 1250 4011 res

261 4032 419 4103 eiusdem
444 4032 599 4114 ordinis,
627 4057 691 4102 ceu
714 4036 923 4124 gradatione
948 4041 1103 4133 quadam
1120 4065 1249 4111 contie-

261 4148 425 4218 ctuntur,
451 4148 508 4217 ut,
535 4137 633 4228 quod
654 4135 794 4205 Laurus
815 4151 887 4220 est,
914 4142 1021 4209 arbor
1046 4154 1119 4223 est,
1151 4148 1247 4237 quod

260 4239 369 4306 arbor
394 4249 465 4318 est,
489 4237 684 4307 substantia
709 4251 781 4320 est,
807 4264 891 4329 ergo
915 4245 1011 4334 quod
1025 4240 1166 4316 Laurus
1186 4261 1248 4332 est,

259 4339 455 4411 substantia
475 4351 540 4408 est.
592 4337 782 4409 Conclusio
799 4343 1049 4433 syllogisticam
1075 4346 1248 4433 imitatur,

260 4466 354 4523 cum,
379 4465 471 4536 quae
490 4446 706 4530 praecedunt
722 4445 975 4534 pronuntiata,
1000 4471 1075 4516 non
1092 4448 1164 4517 sint
1178 4451 1247 4542 syl-

259 4543 418 4632 logistice
444 4544 645 4612 coniuncta.
705 4544 833 4614 Graeci
856 4543 950 4617 hanc
974 4553 1250 4639 argumentandi

259 4645 414 4713 formam
437 4644 554 4713 Soron
576 4670 638 4714 seu
661 4644 804 4715 Soriten
832 4663 972 4759 voqqtt.
1030 4651 1247 4723 Aristotelici

259 4745 381 4835 regula
405 4748 558 4840 quadam
585 4748 623 4814 in
638 4734 934 4837 praedicamentis
951 4755 1160 4843 expediunt,
1185 4757 1246 4826 ubi

260 4848 406 4916 docent:
438 4846 621 4940 Quidquid
646 4851 689 4918 dc
709 4853 893 4942 superiore
915 4854 1064 4940 dicitur,
1091 4858 1186 4927 idem
1203 4860 1247 4928 de

257 4947 428 5019 inferiore
446 4948 515 5018 dici
530 4974 652 5041 posse:
680 4949 789 5021 homo
805 4969 856 5024 est
873 4956 1019 5038 animal,
1045 4957 1179 5028 animal
1197 4974 1249 5032 est

259 5076 410 5141 corpus,
445 5048 554 5119 homo
584 5051 752 5151 igiturss)
782 5071 833 5126 est
864 5081 1005 5149 eorpus.
1058 5058 1098 5126 ln
1123 5087 1248 5154 perve-

258 5153 448 5242 stigatione
477 5176 597 5224 rerum
622 5156 952 5229 obscurissimarum
984 5158 1143 5233 videmus
1168 5165 1248 5237 usui

256 5255 363 5325 luisse
379 5256 522 5325 Soriten
548 5259 672 5328 doctis.
725 5258 763 5326 ln
789 5256 884 5329 hunc
906 5262 1016 5331 ferme
1039 5268 1185 5337 modum
1213 5281 1248 5337 et

291 5457 341 5524 71)
360 5461 456 5510 llorst.
477 5461 564 5524 Epist.
583 5461 645 5526 1,t‚
659 5460 784 5515 to-ts.

287 5538 340 5609 77)
358 5547 379 5597 l.
399 5547 515 5597 corinth
544 5548 587 5608 lb,
600 5545 643 5599 8³.

291 5626 340 5693 7³)
358 5631 438 5682 hono
456 5633 558 5693 igitur]
581 5632 623 5682 sio
641 5632 723 5682 Editt.
739 5636 761 5684 l.
775 5636 818 5699 3.)
841 5636 892 5687 Ed.
904 5637 929 5686 2.
948 5636 1034 5700 {gitur
1051 5638 1130 5690 bomo

1305 1726 1659 1825 Melchizedecho⁷⁶).
1711 1730 1785 1800 lam
1802 1728 1962 1803 Christus
1985 1746 2048 1804 est.
2069 1735 2300 1804 sacerdossa-

1305 1835 1462 1903 cundum
1478 1835 1641 1908 ordinem
1661 1829 2006 1927 Melchisedech⁷⁸)‚·
2025 1836 2152 1925 igitur
2171 1833 2299 1906 Christo

1305 1935 1464 2005 minores
1478 1948 1561 2004 sunt
1575 1938 1777 2007 sacerdotes
1794 1938 1953 2007 Mosaici.
1999 1936 2120 2007 Valet
2136 1934 2228 2007 haec
2240 1939 2300 2007 lor·

1305 2038 1403 2106 mula
1428 2037 1558 2107 certius
1579 2036 1617 2104 in
1642 2039 1768 2107 ordine
1791 2064 1912 2108 rerum
1934 2038 2106 2110 eiusdem
2126 2042 2301 2130 praedica·

1305 2140 1435 2223 menti,
1461 2141 1623 2232 adeoque
1637 2140 1676 2208 in
1692 2140 1878 2211 axiomatis
1893 2142 2128 2214 necessariis.
2169 2141 2212 2210 ln
2227 2166 2300 2211 oon-

1305 2241 1523 2332 tingentibus
1545 2265 1620 2309 non
1642 2267 1783 2334 semper
1806 2256 1888 2334 apte
1910 2243 2103 2333 colligitur
2128 2267 2197 2335 per
2214 2245 2300 2315 Sori-

1305 2356 1386 2426 ten,
1412 2357 1453 2412 ut
1471 2344 1502 2413 si
1525 2345 1801 2434 argumenteris:
1820 2345 1993 2414 ¹Studiosi
2008 2346 2208 2416 literarum
2224 2359 2300 2417 sunt

1305 2458 1467 2515 amantes
1484 2446 1569 2527 otii,
1594 2447 1765 2516 Amantes
1781 2447 1846 2514 otii
1865 2460 1950 2517 sunt
1967 2472 2129 2537 segnes,
2152 2449 2298 2519 Studiosi

1304 2547 1419 2636 igitur¹
1436 2548 1621 2616 literarum
1644 2562 1728 2620 sunt
1745 2565 1887 2638 segnes·
1941 2547 2021 2618 lam
2046 2564 2088 2619 et
2113 2553 2299 2622 observan-

1304 2650 1390 2718 dum
1406 2662 1478 2731 est,
1505 2661 1544 2718 ut
1566 2651 1769 2739 argumenti
1793 2664 1910 2739 partes
1932 2654 2064 2721 eadem
2081 2654 2185 2723 inter
2199 2679 2236 2724 se
2250 2675 2299 2722 ra-

1304 2752 1412 2820 tione-
1434 2753 1682 2837 conferantur,
1722 2766 1762 2820 ut
1790 2752 1829 2821 in
1855 2754 2047 2844 superiore
2072 2769 2297 2846 argumento,

1305 2854 1404 2922 aliud
1416 2855 1679 2938 studiosorum,
1705 2853 1804 2923 aliud
1820 2855 1980 2944 segnium
1998 2857 2122 2926 otium
2143 2871 2209 2931 est.

1406 2986 1597 3078 Captiones
1613 2990 1788 3081 quaedam
1807 2989 1966 3082 reliquae
1984 3004 2092 3060 sunt:
2123 2991 2298 3061 Crocodo·

1303 3089 1399 3171 lites,
1429 3091 1639 3181 Asystaton,
1672 3086 1952 3181 Antistrephon,
1993 3116 2110 3186 quas,
2156 3087 2297 3188 quando

1304 3193 1349 3259 ad
1373 3191 1425 3258 rei
1447 3193 1651 3261 dialecticae
1675 3192 1846 3289 iudicium
1877 3192 2028 3262 nonita
2061 3196 2223 3266 multum
2250 3198 2297 3266 fa-

1303 3295 1417 3379 ciunt,
1456 3297 1565 3365 satius
1592 3296 1706 3364 visum
1739 3309 1790 3365 est
1816 3296 1990 3367 omittere.
2047 3295 2177 3366 Facile
2203 3300 2297 3367 enim

1304 3420 1411 3464 omne
1426 3397 1534 3465 fallax
1549 3410 1798 3487 argumentum
1815 3399 1976 3484 cluseris,
1998 3397 2027 3466 si
2042 3410 2077 3464 et
2100 3399 2297 3490 collegeris

1303 3498 1341 3566 in
1357 3522 1416 3569 eas
1429 3500 1612 3585 formulas,
1635 3494 1723 3592 quas
1737 3501 2037 3592 praescripsimus,
2056 3522 2175 3592 neque
2191 3503 2294 3569 enim

1302 3601 1397 3669 ullae
1415 3602 1505 3670 aliae
1523 3604 1657 3693 probae
1672 3614 1766 3673 sunt.
1805 3600 1846 3670 ln
1862 3603 1989 3695 primis
2005 3613 2135 3684 autem,
2160 3601 2191 3672 si
2204 3602 2294 3672 sim-

1302 3701 1388 3792 plici
1402 3705 1607 3796 syllogismo
1623 3704 1789 3787 vinxeris,
1815 3718 1851 3774 et
1865 3708 2003 3774 caveris
2019 3706 2233 3796 prudenter,
2251 3728 2297 3774 ne

1303 3804 1390 3896 quid
1412 3803 1646 3895 amphibolon
1674 3819 1736 3876 aut
1761 3806 1966 3897 ambiguum
1996 3807 2036 3874 in
2060 3809 2215 3877 nomine
2241 3818 2296 3878 aut

1301 3907 1412 3974 verbo
1434 3906 1563 4004 uttow)
1583 3909 1678 3977 insit.
1720 3908 1906 4002 Quidquid
1929 3909 2027 3979 enim
2045 3911 2149 4000 apud
2166 3912 2295 3981 Aristo

1301 4009 1405 4076 telem
1432 4009 1653 4079 fallaciarum
1678 4025 1747 4093 est,
1780 4012 1892 4079 ferme
1916 4012 2092 4102 ambiguo
2128 4016 2295 4106 exposito,

1301 4121 1364 4178 aut
1395 4112 1582 4181 observata
1612 4114 1725 4204 proba
1760 4113 1956 4206 syllogismi
1986 4115 2134 4199 forma,
2179 4119 2296 4210 depre-

1300 4206 1445 4284 hendes.

1607 4381 1741 4452 Liber
1774 4395 1979 4475 quartus.

1685 4500 1748 4570 De
1779 4502 1908 4573 locis.

1403 4633 1581 4707 Hactenus
1605 4626 1899 4727 argumentorum
1920 4639 2103 4711 formulas
2130 4643 2295 4734 praescri

1299 4737 1455 4829 psimus,
1488 4750 1523 4806 et
1544 4739 1655 4809 lineas
1678 4739 1863 4823 duximus,
1895 4740 2025 4832 quibus
2049 4743 2294 4818 circumscribi

1300 4853 1549 4930 argumentum
1580 4843 1703 4924 debet,
1739 4866 1811 4935 quo
1842 4844 1987 4925 ordine,
2022 4846 2295 4937 quibusmodis

1299 4942 1384 5011 velit
1408 4943 1583 5012 sermonis
1607 4957 1734 5013 natura
1768 4944 1949 5035 compingi
1978 4951 2213 5020 sententiam
2244 4974 2295 5022 seu

1301 5045 1503 5114 orationem
1539 5047 1584 5114 ad
1618 5048 1845 5137 probandum
1879 5043 2001 5117 thema
2050 5055 2294 5149 quodcunque

1334 5323 1491 5445 tempu.
1507 5329 1535 5392 6,
1552 5329 1579 5380 7.
1601 5353 1637 5366 -
1688 5331 1789 5381 nunt
1812 5341 1918 5395 urg:
1958 5329 2076 5383 sorites
2109 5336 2293 5392 uerrunt·

1334 5481 1384 5547 75)
1402 5484 1620 5534 melchisedecho
1639 5520 1646 5534 .
1664 5521 1671 5535 .
1687 5523 1694 5536 .
1713 5482 1929 5552 Melchlsedect]
1954 5485 2044 5539 Edltt.
2060 5489 2088 5540 t.
2104 5491 2137 5543 8.
2156 5494 2294 5547 natm*

1370 5551 1438 5600 deco
1458 5588 1465 5602 .
1485 5591 1492 5604 .
1512 5589 1518 5601 .
1537 5553 1725 5603 Melchisedec

1334 5633 1383 5700 76)
1401 5637 1473 5697 ιιΙΙο]
1492 5637 1533 5687 slo
1550 5637 1636 5691 lldltt.
1651 5638 1728 5698 t.⁸.;
1757 5639 1806 5689 tte
1819 5639 1845 5691 2.
1861 5639 1911 5690 lllo
1936 5664 1939 5671 ·
