5125 6525
143 262 223 400 m

141 484 253 582 modo
283 494 395 563 multa
429 487 579 559 effutire
598 487 757 556 solitus.»
792 482 926 553 'Vanus
948 481 1043 551 enim
1069 493 1134 562 est,

143 588 208 695 qui
223 595 425 668 orationem
442 591 585 661 ratione
600 611 675 657 uon
695 588 861 668 metitur,
894 587 957 678 qui
968 626 971 630 -
982 584 1135 650 liberam

143 727 187 773 ac
206 689 518 791 vagam··lingdam
541 715 617 760 non
644 687 788 759 cohibet
811 689 956 757 iudicio.
1024 683 1134 752 Recte

101 810 108 818 ”
141 804 321 875 Hesiodus
345 798 461 898 [Opp.
479 810 512 865 et
530 794 575 865 D.
592 794 734 885 ttaeq.
756 789 824 861 Ed.
838 784 1015 883 Goettl.],
1041 787 1134 855 mul·

142 921 217 978 tam
235 930 309 975 csse
325 904 467 992 linguae
484 898 638 990 gratiam
661 896 817 975 iudicat,
851 893 882 962 si
904 894 1011 960 modo
1036 884 1134 957 cohi-

107 1012 346 1080 beatum·-
397 1037 450 1060 ‘-
715 1037 719 1044 ¹

142 1122 321 1218 Γίιύσσης
340 1148 399 1196 τοι
418 1116 614 1215 θησαυρὸς
622 1118 672 1189 ἔν
683 1107 946 1209 ἀνθρώποισιν
959 1109 1110 1205 ἄριστος

143 1226 349 1328 predulcis,
371 1221 521 1316 πλείστη
540 1216 581 1293 δὲ
600 1214 710 1313 χύρις
725 1212 821 1288 acad
841 1211 980 1309 με’τρον
993 1209 1132 1305 ἰούσης.

245 1356 471 1456 ἀμετροεπὴς
492 1353 592 1424 carius
614 1350 779 1443 generis?
806 1347 1028 1418 Communis.
1063 1344 1134 1412 De-

142 1466 235 1537 elina
260 1477 300 1533 ut
322 1454 467 1555 ἀληθής
489 1458 625 1548 primae
648 1465 937 1533 contractorum,
978 1471 1048 1542 qua
1072 1447 1134 1515 fle·

142 1580 288 1638 ctuntur
304 1563 425 1632 omnia
443 1562 557 1651 paene
575 1558 748 1626 adiectiva
767 1556 805 1623 in
821 1580 863 1649 ης
877 1551 1097 1621 derivaticia.

246 1694 442 1792 txotqlaffl)
467 1692 648 1773 Verbum,
676 1689 774 1759 cuius
795 1684 991 1779 temporis?
1024 1685 1133 1753 Prae·

139 1802 289 1872 teritum
313 1797 560 1890 imperfectum
585 1807 637 1862 est
658 1791 843 1861 indicativi
867 1790 984 1870 modi,
1010 1787 1133 1856 coniu-

140 1905 298 1996 gationis
340 1901 515 1971 secundae
553 1908 847 1976 contractorum,
895 1888 1052 1988 κοίῳάω
1094 1900 1134 1957 ut

138 2001 271 2101 βούω,
296 1999 500 2094 ἐκολῴαον,
534 2011 569 2067 et
594 1997 805 2067 contractim
828 1992 1018 2091 ἔκολῴων.
1052 1991 1133 2063 ἔκο-

140 2105 277 2203 λῴαες,
300 2119 335 2175 et
355 2103 564 2173 contractim
584 2098 755 2197 ἔνοίρίας.
793 2091 969 2193 ἔνολῴαε,
995 2109 1030 2165 ct
1048 2118 1132 2162 con-

140 2211 283 2278 tractim
318 2199 471 2301 ἒκολιρα.
537 2203 744 2273 Caeterum·
763 2204 912 2270 verbum
948 2197 1131 2290 ὄνοματο·

139 2310 249 2385 ποιὸν
271 2324 333 2381 εει.

244 2446 321 2539 (Vs.
340 2446 447 2536 213.)
473 2442 574 2514 ἔπεα.
627 2440 718 2509 Sunt
736 2438 797 2532 qui
813 2438 857 2505 ab
879 2435 1036 2507 ἔπεσθαι
1060 2445 1132 2500 tra-

137 2544 253 2631 hunt,
278 2562 319 2617 ut
334 2571 400 2615 nos
416 2567 619 2615 sermonem
637 2566 655 2608 a
674 2541 868 2633 sequendo.
905 2537 989 2616 ἔπος
1004 2534 1132 2603 dcclin.

135 2649 281 2739 primae
308 2658 595 2727 contractorum,
637 2655 678 2711 ut
700 2636 803 2734 χὀίος.
869 2637 1046 2728 Deinceps
1070 2634 1133 2729 qui

136 2751 239 2818 volet
259 2749 421 2816 oratione
447 2757 662 2839 exequatur,
697 2767 759 2812 cur
784 2740 990 2834 ἀμετροεπῆ
1014 2750 1132 2829 poeta,

137 2852 271 2947 deinde
285 2852 373 2921 ἔπεα
389 2841 539 2941 ἆκοομοί
561 2873 602 2918 τε
622 2842 686 2918 καὶ
707 2840 879 2938 πολίὰω)
899 2839 1048 2922 dixerit,
1074 2865 1132 2908 er-

139 2953 263 3023 cutiat.

244 3085 321 3180 (Vs.
336 3085 440 3177 214.)
467 3079 670 3178 ἐριζέμεναι
689 3104 756 3170 pro
773 3075 917 3174 ἐρίζειν.
967 3077 1057 3146 Vide
1074 3102 1132 3146 su-

137 3191 269 3286 prain
291 3188 508 3273 formatione
532 3183 700 3253 infinitivi
724 3180 885 3254 τύπτειν.
952 3179 1019 3248 Ηίε
1046 3204 1131 3249 vero

138 3296 233 3366 belle
254 3306 360 3385 poeta
382 3292 569 3360 factiosum
594 3287 776 3377 designat,
810 3286 915 3354 bonis
941 3284 1131 3366 infensum,

139 3423 222 3469 cum
238 3395 471 3489 optimatibus
488 3393 775 3460 contendentem.

242 3533 318 3623 (Vs.
337 3526 443 3623 215.)
470 3530 608 3598 εἴσαιτο
624 3522 743 3592 unde?
786 3521 944 3589 Medium
960 3517 1132 3611 praeteri-

139 3650 217 3706 tum
247 3636 410 3704 aoriston
441 3629 611 3721 optativi,
649 3639 689 3696 ut
715 3621 922 3721 τωμαίμην.
990 3616 1130 3711 Thema

140 3737 396 3809 τετίιίεἴσαιτο
411 3746 463 3804 est
478 3729 585 3815 εἴδω,
611 3734 707 3798 unde
725 3724 817 3799 etad
833 3724 905 3821 ᾔδη
923 3736 985 3807 est,
1012 3723 1048 3792 id
1067 3735 1131 3807 est,

138 3840 264 3923 novit,
297 3841 395 3933 quud
419 3860 527 3926 snpra
552 3832 698 3902 secundi
722 3830 886 3899 versiculi
909 3826 1130 3917 expositione

85 3954 88 3966 '
139 3942 331 4038 praeterii,
357 3966 441 4009 nam
459 3935 517 4007 hic
533 3948 669 4027 agetur.

380 4105 498 4173 Flecte
526 4107 663 4177 εἴσαιτο
686 4117 720 4172 ct
747 4100 820 4198 ᾔδη
834 4101 894 4196 ω).

141 4238 230 4323 εἴδω
331 4238 461 4316 τύπτω
564 4240 617 4309 Ειι
659 4240 783 4309 activis
827 4240 1004 4333 quaedam
1044 4260 1129 4305 raro

141 4340 244 4418 εἰδον
332 4344 491 4417 ἔτυπτον
562 4356 801 4435 usurpantur,
822 4353 1129 4432 surroganturque

142 4442 222 4518 εἰκα
247 4459 288 4516 ut
330 4444 474 4543 τὲτυφα
562 4446 612 4517 eis
629 4445 758 4516 media.

143 4547 229 4620 εἴσω
330 4541 441 4643 τύψαι

142 4645 222 4722 εἰσα
291 4643 294 4651 ’
330 4648 464 4745 ἔτυψε.

174 4913 225 4974 67)
242 4908 360 4981 ἰκοίηία]
384 4911 444 4974 sic,
468 4925 490 4977 ῳ
512 4922 572 4959 cunr
589 4926 599 4957 ι
615 4908 785 4971 subscrlpto,
815 4912 843 4957 et
866 4910 935 4959 banc
959 4910 1076 4959 formam
1101 4912 1130 4960 εἰ

211 4981 422 5096 ρερρὼρρρίρείς
451 4979 536 5029 Editt.
561 4978 643 5027 huius
661 4978 780 5028 Gratum.
799 4989 894 5027 omues
910 4979 1011 5027 habent
1028 4990 1050 5025 οι
1067 4977 1130 5028 eino

175 5151 224 5218 σε)
244 5144 292 5198 eet
309 5145 413 5208 nom]
432 5150 473 5197 elo
485 5150 566 5200 editt
586 5150 667 5200 butus
683 5151 803 5200 Graium.
820 5150 848 5197 in
866 5150 917 5199 loc
935 5148 1041 5210 quiden
1052 5149 1128 5200 En·

210 5221 297 5281 nlne;
321 5220 350 5266 at
369 5217 396 5264 in
415 5218 491 5266 textu
509 5232 552 5282 gr.
571 5219 727 5280 praemisso
746 5224 848 5281 (αεοιιο
864 5231 898 5269 ac
915 5218 944 5266 ln
958 5219 1009 5270 lld.
1026 5219 1130 5284 Wolf.)

209 5289 327 5354 legitur:
353 5279 443 5334 ποίἰιί
459 5298 489 5334 τε

177 5391 223 5459 0)
242 5394 316 5509 ΕεΙεο
332 5392 420 5508 verita
428 5388 466 5507 ¹th
476 5390 565 5508 Eylbtattt.
575 5391 756 5509 hm’pml'
776 5391 951 5476 subsequitur
969 5374 1128 5510 Ιριίεοτίρίίορ

210 5464 255 5580 ᾔο
255 5466 343 5580 χχχ.
352 5495 366 5577 ,1
369 5473 423 5578 ὦ
422 5565 430 5580 ·
443 5495 504 5592 qq·
527 5471 650 5578 dmerc
680 5462 726 5511 tlts
743 5464 839 5512 verbis
857 5473 973 5525 superse
998 5464 1046 5526 pta
1063 5465 1126 5527 est,

157 5611 330 5677 lemare.
353 5614 459 5674 0ern.
485 5609 570 5674 Von.
586 5611 660 5673 XX.

665 310 788 384 xcw.
840 305 1169 383 artusartus
1201 307 1398 382 adarca
1428 306 1659 387 INTEGM.

1993 287 2003 308 '
2111 324 2185 397 ιιο

1614 482 1748 555 Media.

1187 596 1363 666 Praesens
1378 592 1526 690 εἴδομαι
1541 613 1581 669 ut
1595 596 1795 695 τύπτομαι.

1185 698 1427 768 Praeteritum
1438 700 1735 800 imperfectum⁷⁰)
1744 700 1898 800 εἰδόμην
1906 721 1947 776 ut
1956 707 2180 805 ἐτυπτόμην.

1263 801 1505 872 Praeteritum
1521 806 1718 894 perfectum
1734 803 1828 881 εἰδα.
1869 810 2065 880 formatur
2081 815 2179 883 enim

1185 926 1250 993 per
1263 904 1462 993 praesentis
1478 902 1738 991 characterem,
1764 909 1856 980 sicut
1868 935 1975 1003 supra
1993 913 2030 980 in
2046 917 2180 1006 regulis

1185 1005 1317 1074 vidisti.
1371 1005 1463 1073 Hinc
1476 1010 1517 1075 lit
1529 1005 1744 1100 diphthongi
1761 1024 2047 1104 temperamento
2063 1011 2151 1110 ᾔδα.
2171 1039 2177 1062 ⁵

1288 1106 1530 1178 Praeteritum
1566 1113 1954 1205 plusquamperfectum
1990 1113 2102 1190 εἴδειν
2117 1119 2179 1214 ²¹),

1186 1220 1222 1277 et
1243 1203 1461 1299 diphthongi
1484 1223 1768 1302 temperamento
1790 1214 1907 1309 ᾔδειν.
1959 1218 2069 1289 Vides
2091 1246 2177 1312 ergo

1186 1311 1327 1401 primae
1349 1311 1506 1402 syllabae
1535 1316 1792 1399 variationem,
1832 1321 2011 1409 posterior
2039 1323 2178 1413 syllaba

1185 1413 1345 1481 dialectis
1379 1413 1507 1483 variat.
1580 1415 1672 1485 Nam
1707 1441 1774 1507 pro
1807 1416 1996 1517 ίτετύφειν
2021 1426 2178 1513 regulari

1185 1514 1381 1606 praeterito
1407 1516 1755 1608 plusquamperfecto
1781 1521 1905 1590 dicunt
1927 1521 2031 1593 lones
2054 1521 2177 1599 ἔτετύ-

1185 1642 1269 1713 φεα.
1329 1615 1388 1684 Sic
1418 1641 1502 1707 ergo
1532 1643 1598 1708 pro
1630 1617 1741 1694 εἴδειν
1768 1623 1826 1691 vel
1856 1620 1961 1716 ᾔδειν
1988 1639 2041 1694 est
2072 1625 2177 1720 ᾔδεα.

1184 1718 1303 1786 Flecte
1322 1718 1372 1786 sic
1390 1714 1482 1809 ᾔδεα
1496 1716 1600 1812 ᾔδεις
1617 1717 1711 1815 ᾔδεε.
1751 1722 1806 1792 Ex
1820 1719 1886 1793 hac
1901 1726 2004 1795 tertia
2022 1752 2176 1817 persona

1183 1817 1322 1914 ᾔδεείιῑ
1337 1816 1527 1913 εεεείᾔδη.
1580 1823 1674 1893 Nam
1689 1825 1783 1914 setin
1806 1853 1830 1920 η
1854 1829 1987 1897 mutari
2008 1828 2046 1896 in
2069 1832 2177 1901 decli·

1183 1921 1392 1991 nationibus
1407 1923 1595 1992 nominum
1612 1939 1878 1997 contractorum
1897 1932 2037 2013 vidisti,
2062 1930 2177 2027 τείχει

1182 2020 1297 2118 τείχη.
1357 2026 1559 2097 Adnotabis
1584 2040 1619 2096 et
1642 2028 1731 2112 hoc,
1766 2034 2057 2127 quandoquidem
2082 2062 2114 2107 ει
2137 2039 2176 2106 in

1182 2153 1303 2220 ηειιιιι
1330 2127 1591 2218 subscriptione
1618 2133 1765 2216 transit,
1798 2134 1953 2223 primam
1979 2137 2080 2205 verbi
2102 2134 2175 2232 ᾔδη’·

1183 2228 1377 2311 subscribi,
1403 2233 1640 2320 posteriorem
1655 2259 1743 2304 non.
1803 2233 1896 2305 Nam
1914 2264 1949 2309 εε
1966 2262 2040 2307 non
2058 2253 2174 2309 muta·

1183 2342 1243 2397 tur
1259 2329 1330 2397 nisi
1347 2329 1384 2395 in
1402 2330 1517 2398 solum
1534 2360 1570 2425 η.

1285 2428 1463 2498 Futurum
1489 2433 1646 2524 εἴσομαι.

1289 2532 1423 2601 Aurist.
1441 2555 1473 2601 a.
1496 2531 1665 2628 εἰσοίμην.
1732 2535 1884 2630 Reliqua
1910 2563 1952 2606 ex
1978 2535 2033 2608 his
2055 2543 2173 2610 forma

1182 2628 1280 2706 κατὰ
1294 2627 1363 2726 τὴν
1377 2630 1607 2732 ἀναλογίαν,
1633 2649 1668 2705 et
1685 2637 1722 2703 in
1738 2641 1891 2729 optativi
1908 2642 2042 2712 aoristo
2066 2638 2175 2713 habe·

1182 2729 1436 2827 οἰεείσαίμην.

1284 2836 1382 2903 llaec
1399 2835 1463 2904 tibi
1479 2837 1578 2906 verbi
1595 2834 1702 2909 huius
1717 2843 1924 2934 coniugatio
1941 2843 2062 2916 multis
2079 2860 2174 2918 certe

1183 2940 1270 3010 locis
1287 2939 1461 3030 proderit.
1494 2936 1536 3006 ln
1552 2941 1671 3031 primo
1686 2941 1818 3014 lliados
1835 2941 1908 3042 [vs.
1927 2944 2007 3044 70.]
2025 2950 2174 3017 verbum

1182 3038 1256 3137 ᾔδη
1272 3042 1450 3123 invenies,
1478 3053 1517 3109 ut
1532 3044 1720 3114 innumera
1742 3047 1810 3115 alia
1826 3051 1902 3116 loca
1917 3062 2156 3138 praeteream,

1173 3141 1240 3225 “Oe
1255 3139 1328 3237 ᾔδη
1340 3141 1388 3213 τοί
1399 3140 1429 3215 τ’
1448 3136 1569 3229 ε’όντα,
1586 3142 1636 3217 τοί
1650 3144 1680 3217 τ’
1698 3142 1894 3240 ἐσσόμενα,
1911 3143 1984 3242 πρό
2000 3148 2030 3219 τ’
2050 3144 2174 3227 ἐόντα.

1183 3244 1276 3315 Volo
1310 3247 1396 3313 item
1429 3256 1462 3312 te
1494 3248 1719 3316 admonitum
1755 3252 1958 3339 regularum
1992 3254 2176 3342 augmenti

1183 3349 1481 3439 praeteritorum,
1508 3373 1662 3439 quorum
1680 3345 1768 3421 εἴδω
1787 3352 1989 3441 praeteritis
2016 3379 2091 3423 non
2113 3381 2174 3424 va-

1157 3504 1160 3514 .
1182 3450 1251 3518 riet
1268 3448 1480 3539 regulariter
1496 3444 1598 3521 εἶδον
1611 3446 1704 3524 εἰδα.

1287 3549 1365 3644 (Vs.
1379 3548 1484 3636 216.)
1511 3547 1666 3642 ἔμμεναι
1681 3551 1862 3638 lonicum,
1889 3557 1970 3625 vide
1989 3554 2095 3630 εἰνω.

1184 3654 1383 3748 αἴσχιστος.
1436 3650 1527 3719 Vide
1542 3656 1678 3724 formas
1695 3660 2007 3750 comparationum

1285 3749 1438 3850 αἰσχρός
1541 3753 1700 3853 αἰσχίων
1803 3761 1991 3853 αἴσχιστος

1286 3855 1424 3952 αἰσχροί
1541 3858 1700 3950 αἰσχίων
1803 3863 1973 3956 αἰσχίστη

1284 3951 1441 4054 αἰσχρόν
1546 3959 1694 4053 αἰσχίον
1797 3964 1989 4058 αἴσχιστον

1180 4053 1274 4152 ἦλθε
1288 4062 1462 4132 Αοτίεἰοιι
1478 4066 1673 4132 secundum
1693 4066 1789 4135 vocis
1804 4070 1951 4140 activae.

1285 4157 1430 4236 ἑλεύθω
1584 4162 1750 4256 ᾔλευθον

1284 4264 1422 4360 ᾔλευκα
1511 4287 1517 4298 ·
1576 4261 1742 4357 ἠλεύκειν
1893 4269 2032 4362 ᾔίευσα

1180 4364 1347 4458 ἤλυθον,
1375 4361 1498 4462 ἦλθον
1512 4390 1576 4455 per
1591 4393 1793 4460 syncopen,
1821 4372 1915 4439 unde
1930 4364 2024 4464 ἦλθε
2042 4385 2107 4443 est.

1284 4469 1362 4562 (Vs.
1381 4468 1488 4561 217.)
1518 4463 1580 4539 Tot
1596 4469 1689 4562 ιύμω
1704 4467 1865 4555 humeri,
1891 4475 2011 4544 dualia
2027 4489 2123 4547 sunt.

1111 4613 1115 4619 ·
1181 4569 1218 4643 οἱ
1230 4596 1433 4663 pronomen
1450 4572 1693 4661 reciprocum,
1720 4574 1765 4644 εἰ.

1286 4675 1363 4769 (Vs.
1382 4675 1486 4764 218.)
1514 4661 1794 4773 συνοχηκύτεῖἰ)
1817 4677 2046 4770 participium
2070 4706 2173 4774 prae-

1180 4777 1326 4848 teritum
1348 4779 1484 4847 activae
1502 4776 1599 4846 vocis
1615 4802 1635 4846 a
1654 4777 1835 4873 συνοχὲω,
1862 4781 1943 4850 vide
1961 4784 2116 4854 ferinam
2134 4784 2175 4855 in

1181 4881 1398 4973 participiis,
1427 4895 1548 4974 estque
1567 4881 1684 4951 duale.

1180 5021 1383 5031 ——-.-.--0

1214 5080 1263 5148 70)
1281 5082 1465 5132 Praeteritum
1484 5080 1687 5142 imperfectum]
1713 5082 1754 5131 sic
1773 5083 1856 5133 tldltt.
1879 5086 1970 5148 tm,
1997 5088 2088 5150 last,
2123 5088 2173 5138 rr.

1251 5152 1328 5203 15³8.
1347 5155 1407 5214 typ.
1427 5164 1499 5201 ern:
1524 5150 1616 5200 Praet.
1636 5153 1804 5214 perfectum
1839 5154 1922 5205 lldttt.
1940 5155 2014 5206 tw.
2027 5170 2104 5220 seqq.
2123 5168 2174 5218 pro

1249 5221 1300 5270 hoc
1318 5222 1366 5272 lat.
1386 5221 1494 5271 nomine
1513 5221 1540 5267 et
1558 5221 1737 5282 subsequenti
1755 5222 1856 5271 habent
1874 5235 1992 5286 graecu:
2018 5239 2173 5291 παρατετι-

1250 5284 1312 5349 ιιύς,
1330 5291 1545 5355 παρακείμενος.

1214 5371 1260 5437 71)
1278 5369 1377 5436 aldem]
1395 5377 1444 5426 ru.
1459 5375 1535 5425 1538.
1556 5368 1629 5434 ᾔδειν

1212 5459 1262 5524 ⁷2)
1282 5455 1464 5526 σονοχηκίιε]
1483 5460 1525 5509 stc
1537 5460 1622 5509 lldltt.
1641 5461 1720 5510 lutus
1735 5460 1857 5509 Granius.
1877 5465 1905 5511 et
1924 5462 1949 5510 b.
1965 5460 1983 5506 l.
2003 5461 2032 5506 et
2051 5461 2082 5512 tn
2100 5462 2179 5512 textu

1249 5540 1294 5593 gr.
1314 5531 1486 5593 praemiss03
1508 5529 1582 5592 apud
1599 5530 1678 5579 tlon.
1696 5528 1747 5578 Ed.
1762 5528 1856 5580 walt.
1870 5530 1973 5594 legitur
1990 5525 2180 5600 σννοχυκίτε.

1608 5600 1655 5666 10
