5125 6525
235 438 313 536 soa
858 420 1355 504 conmmeatum
1378 420 1649 497 msromcs
1794 413 1872 476 *¹⁴
1948 429 1984 478 u
2198 417 2281 503 m

236 610 370 686 nonius
395 607 473 680 sine
497 602 751 684 dimicatione,
790 603 889 696 quod
912 624 988 671 non
1018 600 1171 684 fecisset,
1195 598 1238 669 si·
1285 592 1553 668 conditionibus
1585 595 1839 681 deliberaturi,
1882 619 1973 690 quas
1999 596 2121 668 Caroli
2153 598 2285 692 legatis

238 718 396 788 duorum
425 713 578 780 fratrum
603 705 748 798 ingenia
778 717 814 774 et
835 704 931 775 vires
953 704 1234 796 contempsisset.
1284 697 1509 791 proposituri
1535 712 1659 787 erant,
1697 700 1761 794 qui
1785 698 1996 790 Moguntiae
2019 703 2190 772 event'um
2222 725 2285 774 ex-

240 817 365 911 Qoare
397 838 473 884 non
508 809 634 881 dubito
667 830 773 901 posse
801 806 888 876 iniri
914 806 1093 877 rationem
1121 807 1233 875 electo
1285 800 1486 894 pectebant.
1912 827 1915 831 ·

242 916 460 991 Germanico
480 912 664 1006 principe,
696 935 742 980 ne
767 908 799 978 ei
820 908 933 993 vires,
959 910 1105 1002 copiae,
1132 931 1233 977 arma
1388 901 1473 975 Fuit
1488 904 1598 997 igitur
1615 906 1659 974 de
1684 903 1951 976 conditionibus
1975 903 2046 976 illis
2069 918 2198 998 postea
2218 929 2284 999 per

240 1022 359 1094 desint
382 1020 429 1088 ad
452 1017 624 1089 tuendam
644 1010 875 1084 autoritatem
892 1012 991 1081 domi
1006 1025 1043 1082 et
1060 1013 1157 1103 apud
1173 1034 1235 1080 er·
1286 1005 1427 1099 aliquot
1451 1007 1526 1078 dies
1549 1030 1626 1076 non
1649 1008 1770 1078 minus
1792 1006 2051 1091 contentionis,
2078 1032 2175 1102 quae
2200 1034 2284 1102 per·

241 1138 350 1196 seros.
803 1152 805 1156 Α
1286 1108 1440 1199 scriptae
1469 1122 1504 1178 et
1525 1108 1751 1201 Mogontiam
1775 1112 1821 1179 ad
1850 1111 1985 1205 legatos
2012 1109 2167 1198 missae,
2199 1129 2284 1185 eum

344 1221 504 1315 Exposui
535 1217 717 1310 opinionis
742 1240 887 1300 causas,
919 1239 994 1286 non
1015 1229 1057 1286 ut
1078 1215 1237 1308 postulat
1288 1224 1405 1282 essent
1419 1224 1607 1304 receptae,
1637 1213 1713 1284 dies
1730 1211 1959 1284 constituitur
1973 1213 2082 1283 eundi
2095 1215 2136 1284 in
2153 1216 2284 1287 sull'ra·

241 1327 455 1419 magnitudo
486 1321 641 1414 negotii,
677 1322 739 1392 sed
768 1330 810 1389 ut
836 1318 1098 1411 inpraesentia
1120 1318 1236 1411 potui,
1287 1312 1385 1405 gium
1400 1314 1541 1384 solenni
1556 1340 1670 1387 more.
1722 1313 1845 1408 ltaque
1865 1339 1991 1387 rursus
2013 1340 2117 1387 sacro
2138 1318 2284 1410 publice

241 1430 469 1522 maximeque
495 1424 600 1517 cupio
625 1423 769 1505 audire,
811 1422 899 1515 quid
922 1422 1082 1491 iudicent
1105 1421 1237 1490 caeteri
1286 1416 1401 1498 facto,
1431 1416 1582 1508 ingressi
1602 1417 1642 1487 in
1665 1418 1860 1489 sacrarium
1881 1417 2033 1489 interius
2051 1421 2181 1512 templi
2196 1420 2286 1491 Divi

242 1532 445 1612 Electores,
479 1529 541 1622 qui
564 1527 627 1597 diu
647 1523 794 1618 Imperii
811 1522 968 1595 consiliis
984 1523 1237 1609 interfuerunt,
1287 1513 1558 1590 Bartholomaei
1582 1520 1750 1613 suffragia
1772 1522 1893 1591 ferunt
1916 1517 1987 1592 boc
2000 1522 2138 1593 ordine.
2191 1523 2287 1595 Goe-

243 1637 307 1731 qui
340 1630 558 1704 Germaniae
591 1640 724 1699 statum
759 1638 796 1695 et
828 1626 940 1710 vires,
976 1626 1038 1721 qui
1074 1626 1237 1697 omnium
1289 1634 1346 1691 tus
1368 1619 1572 1693 Electornm
1603 1624 1763 1717 reliquus
1789 1623 1989 1717 interrogat
2011 1624 2287 1717 Mogontinum,

119 1728 123 1732 ’
243 1736 448 1830 principum
472 1731 615 1823 ingenia
639 1744 673 1799 et
689 1729 875 1799 facultates
891 1741 1045 1813 norunt,
1079 1731 1142 1823 qui
1159 1727 1238 1797 Ma·
1289 1747 1396 1817 quem
1420 1724 1526 1817 eligat
1543 1724 1677 1817 Regem
1694 1724 1946 1797 Romanorum
1974 1739 2010 1796 et
2023 1728 2184 1801 futurum
2206 1726 2286 1798 lm·-

243 1836 422 1911 ximiliani
437 1834 585 1904 consilia
601 1836 645 1902 de
661 1834 767 1902 rebus
786 1825 842 1901 his
861 1831 1113 1902 meminerunt.
1167 1829 1237 1901 De·
1290 1838 1507 1918 peratorem.
1573 1826 1850 1920 lsrespondet,
1888 1854 1927 1899 se
1955 1829 2085 1922 eligere
2106 1828 2286 1901 Catulum

243 1942 356 2035 nique
389 1937 453 2032 qui
485 1938 632 2027 longum
668 1936 705 2003 in
740 1934 1052 2004 administratione
1090 1931 1238 2032 Imperii
1288 1924 1525 2000 Archiducem
1540 1931 1719 2003 Austriae.
1768 1931 1907 2002 Deinde
1924 1945 1959 2002 et
1974 1931 2213 2024 Mogontinus
2229 1946 2287 2003 re'·

244 2068 351 2116 usum
384 2034 538 2121 habent,
570 2061 725 2131 quorum
758 2059 840 2106 cum
868 2037 1017 2106 audiero
1044 2037 1238 2122 orationes,
1288 2032 1408 2125 liquos
1430 2033 1639 2125 interrogat.
1705 2034 1783 2105 Hoc
1810 2036 1919 2104 modo
1943 2036 2108 2107 omnium
2134 2059 2285 2107 cousen-

246 2147 291 2216 de
312 2157 388 2215 tota
407 2167 446 2211 re
467 2141 673 2231 diligentius
699 2141 882 2230 disputare
907 2151 1046 2231 potero.
1289 2134 1460 2205 tientibus
1482 2136 1660 2228 suffragiis
1676 2135 1827 2209 Carolus
1848 2138 1978 2209 electus
1998 2151 2051 2209 est
2069 2136 2283 2231 imperator.

351 2245 441 2315 Cum
458 2245 576 2314 dicere
590 2243 751 2315 desiisset
768 2240 918 2323 Trevir,
946 2241 1045 2311 taciti
1062 2241 1239 2335 aliquam·
1289 2235 1430 2307 Deinde
1450 2238 1618 2330 suffragia
1645 2240 1755 2308 relata
1780 2253 1864 2311 sunt
1881 2240 1918 2309 in
1935 2241 2078 2324 literas,
2105 2254 2141 2311 et
2154 2243 2284 2311 confir-

245 2350 310 2421 diu
330 2351 500 2421 sederunt
524 2346 723 2438 principes,
765 2357 938 2438 tanquam
964 2344 1086 2415 defixis
1108 2344 1238 2414 animis
1290 2352 1387 2407 mata
1410 2340 1791 2434 singulorumsigillis.
1842 2343 1971 2413 Postea
1993 2344 2165 2414 accersita
2180 2345 2283 2414 nobi-

245 2454 286 2523 in
308 2451 525 2545 cogitatione
550 2449 736 2541 utriusque
761 2446 947 2517 orationis.
1016 2444 1236 2538 Exaggerato
1289 2442 1389 2511 litate
1413 2467 1455 2511 ac
1478 2443 1707 2515 multitudine
1730 2446 1919 2529 universa,
1937 2446 2094 2538 publice
2112 2447 2206 2517 iacta
2228 2458 2283 2517 est

154 2541 160 2550 ⁴
247 2556 344 2626 enim
366 2550 611 2642 magnitudine
634 2549 876 2642 periculorum
896 2548 934 2617 in
952 2560 1105 2643 utraque
1123 2561 1238 2641 parte,
1289 2546 1531 2630 renuntiatio,
1557 2571 1637 2615 cum
1656 2547 1694 2615 in
1711 2542 1803 2618 hanc
1824 2549 2037 2619 sententiam
2059 2543 2281 2619 habuitblo·

247 2656 475 2751 quorundam
511 2652 652 2723 animos
682 2646 850 2721 nonnihil
875 2650 1069 2743 impulerat
1093 2651 1238 2735 Trevir,
1289 2648 1461 2739 guntinus
1474 2649 1688 2721 orationem.

245 2772 287 2831 ut
303 2759 348 2829 ad
364 2759 454 2828 illud
468 2758 719 2839 decurrerent,
744 2767 785 2824 ut
801 2754 940 2825 omissis
955 2752 1113 2845 Regibus
1129 2778 1239 2847 qnae-
1393 2750 1502 2843 Quod
1515 2752 1598 2822 felix
1612 2752 1839 2847 faustumque
1856 2753 1902 2824 sit
1916 2753 2095 2825 Ecclesiae
2110 2746 2284 2825 Christia-

246 2874 369 2933 recent
391 2859 549 2952 aliquem
574 2858 684 2928 alium
706 2881 749 2925 ex
765 2855 989 2928 Germanicis
1004 2856 1239 2948 principibus.
1290 2877 1377 2937 nae,
1408 2851 1566 2946 Imperio
1587 2867 1712 2925 nostro
1737 2868 1772 2926 et
1795 2856 1954 2947 patriae,
1987 2858 2157 2928 renuntio
2182 2856 2284 2929 vobis

247 2964 317 3035 Sed
330 2959 427 3033 hunc
440 2973 672 3054 quaerentes,
698 2959 827 3030 animis
843 2960 956 3049 magis
971 2958 1079 3028 etiam
1098 2959 1239 3030 dubita·
1290 2956 1442 3025 electum
1462 2981 1536 3027 esse
1554 2957 1688 3049 Regem
1705 2957 1977 3044 Romanorum,
2003 2972 2039 3029 et
2055 2960 2285 3053 designatum

246 3067 348 3136 baut.
390 3063 518 3135 lubent
535 3062 644 3154 igitur
661 3062 805 3131 tandem
822 3060 1045 3130 Fridericnm
1062 3061 1239 3132 Saxoniae
1289 3058 1569 3149 Imperatorem,
1602 3059 1772 3131 Carolum
1795 3056 2035 3133 Archiducem
2056 3064 2227 3135 Austriae
2249 3074 2285 3133 et

247 3167 405 3251 Ducem,
431 3179 520 3235 natu
537 3167 754 3246 maximum,
780 3189 881 3236 suam
898 3164 1111 3235 sententiam
1131 3187 1238 3256 expo·
1290 3161 1542 3252 Burgundiae,
1567 3161 1703 3253 Regem
1719 3163 1928 3256 Hispaniae.
1979 3166 2060 3259 Qua
2082 3166 2121 3235 in
2146 3190 2187 3236 re
2211 3165 2284 3258 pri·

247 3295 355 3355 nere,
381 3269 445 3364 qui
470 3291 583 3360 pauca
606 3268 786 3360 praefatus
804 3270 847 3338 de
864 3270 962 3359 lege,
988 3268 1097 3353 dixit,
1129 3268 1240 3336 inter·
1292 3289 1391 3334 mum
1421 3268 1578 3358 agendae
1607 3280 1691 3337 sunt
1713 3265 1792 3337 Deo
1823 3271 1978 3359 gratiae,
2010 3271 2111 3363 quod
2141 3292 2284 3342 summa

194 3442 198 3453 ,
246 3373 487 3467 pretationem
505 3370 649 3441 Treviri
669 3371 890 3442 subtiliorem
915 3395 1008 3455 esse,
1035 3396 1144 3465 qnam
1168 3393 1239 3464 qua
1292 3369 1484 3438 concordia
1519 3382 1556 3439 et
1587 3370 1890 3443 consentientibus
1916 3369 2122 3443 Electorum
2149 3372 2285 3465 prinei·

247 3476 302 3548 uti
325 3477 423 3569 ipsos
449 3477 590 3554 deceat;
632 3473 860 3568 addiditque,
899 3497 974 3543 non
1002 3474 1240 3544 dubitandum
1291 3496 1377 3563 pum
1392 3471 1570 3564 suffragiis
1583 3496 1640 3544 res
1657 3486 1754 3544 tanta
1771 3475 1926 3566 perfecta
1941 3489 2006 3547 est.
2057 3475 2173 3567 Saepe
2187 3476 2284 3545 enim

247 3603 343 3666 esse,
383 3577 472 3672 quin
499 3577 555 3645 lex
583 3577 756 3668 impediat
781 3578 876 3647 Galli
900 3577 1130 3662 electionem,
1165 3576 1240 3669 pla·
1292 3588 1397 3645 antea
1430 3599 1511 3646 cum
1545 3574 1835 3648 dissentientibus
1860 3576 2066 3648 Electorurn
2094 3579 2223 3650 studiis
2247 3590 2285 3648 et

246 3706 336 3751 num
369 3694 405 3748 et
433 3681 521 3749 illud
552 3703 646 3761 esse,
682 3678 851 3768 Carolum
878 3704 959 3748 vere
980 3680 1238 3751 Germanicum
1291 3677 1537 3750 voluntatibus
1556 3679 1688 3751 diversi
1710 3681 1943 3772 eligerentur,
1976 3693 2055 3751 orta
2079 3695 2165 3753 sunt
2188 3682 2282 3751 inter

247 3782 448 3877 principem
472 3797 568 3863 esse,
603 3793 637 3849 et
660 3782 696 3848 in
714 3781 910 3850 Germania
935 3782 1157 3853 domicilium
1177 3778 1239 3851 ha·
1274 3781 1493 3854 ⁴Germanos
1511 3780 1604 3851 bella
1627 3782 1743 3853 civilia
1761 3784 1867 3875 plena
1882 3785 1986 3876 impii
1999 3785 2133 3856 luroris
2154 3797 2284 3855 etero-

246 3886 349 3965 bere;
393 3897 428 3953 et
461 3907 552 3973 opus
580 3907 653 3953 esse
689 3879 745 3955 his
775 3884 989 3954 turbulentis
1017 3884 1239 3976 temporibus
1290 3883 1465 3968 delitatis,
1491 3885 1531 3953 in
1556 3887 1686 3978 quibus
1707 3887 1808 3957 domi
1829 3901 1953 3957 mutua
1973 3890 2081 3959 caede
2095 3888 2164 3961 llos
2179 3886 2288 3957 nobi·

246 3987 422 4081 principe,
446 3985 509 4078 qui
527 3985 756 4055 autoritatem
771 3986 903 4057 virtute
919 3999 955 4056 et
968 3988 1130 4078 potentia
1146 3985 1241 4083 tueri
1289 3987 1401 4058 litatis
1433 3987 1607 4058 extinctus
1637 4000 1700 4060 est.
1757 3991 1979 4083 Absumptae
2007 3991 2151 4084 imperii
2176 3991 2286 4075 vires,

245 4090 371 4184 possit.
422 4086 506 4157 ldeo
527 4111 565 4157 se
585 4112 661 4158 non
675 4090 860 4173 dubitare,
887 4090 976 4184 quin
993 4091 1159 4163 omnibus
1176 4102 1249 4160 ant·
1290 4115 1333 4160 ac
1349 4113 1463 4183 paene
1479 4089 1646 4162 universa
1662 4092 1858 4162 Germania
1874 4094 1913 4162 in
1927 4094 2152 4165 solitudinem
2169 4093 2284 4161 vasti-

246 4193 450 4264 telerendus
475 4191 522 4261 sit
551 4190 701 4263 Carolus
725 4188 909 4264 Archidux
934 4191 1121 4264 Austriae.‘
1168 4193 1238 4264 Sed
1290 4205 1472 4289 tatemque
1493 4195 1638 4263 redacta
1659 4208 1721 4266 est.
1761 4195 1865 4267 Foris
1880 4210 1999 4267 autem
2017 4219 2149 4268 nomen
2163 4193 2280 4284 impe-

196 4287 198 4291 Α
246 4308 368 4367 tamen
384 4293 484 4388 prius
499 4294 722 4364 conditiones
736 4299 908 4390 quasdam
925 4296 956 4365 ei
970 4299 1135 4367 ferendas
1152 4321 1240 4382 esse,
1290 4296 1337 4365 rii
1352 4296 1466 4368 nostri
1481 4298 1663 4367 contemni
1676 4295 1816 4391 coepit,
1836 4297 1939 4369 Italia
1954 4302 2117 4385 delicere,
2141 4311 2179 4369 et
2191 4297 2282 4368 alios

246 4401 347 4470 utin
370 4410 447 4469 tuto
468 4397 515 4470 sit
532 4398 749 4468 Germaniae
768 4399 933 4482 libertas,
960 4413 996 4469 et
1010 4414 1051 4469 ut
1067 4400 1239 4492 pericula,
1289 4398 1404 4493 Reges
1427 4422 1626 4485 accersere,
1658 4401 1800 4473 Turcae
1824 4403 1972 4494 impune
1993 4402 2168 4495 grassari,
2196 4402 2285 4470 dum

246 4503 292 4571 de
321 4502 451 4596 quibus
480 4501 700 4593 disputatum
734 4515 806 4587 est,
845 4515 1019 4597 quantum
1055 4504 1239 4594 provideri
1290 4527 1358 4575 uos
1373 4503 1538 4596 impliciti
1550 4505 1755 4577 domesticis
1768 4507 1888 4588 bellis,
1913 4507 2111 4599 reprimere
2128 4529 2191 4576 eos
2208 4526 2284 4573 non

247 4615 384 4694 potest,
411 4617 616 4675 caveantur.
666 4603 803 4675 Eadem
828 4607 1004 4676 sententia
1028 4606 1121 4677 dicta
1146 4619 1239 4678 esta
1291 4606 1486 4699 potuimus.
1547 4606 1665 4677 Porro
1697 4622 1872 4703 quantum
1909 4610 1996 4678 mali
2022 4605 2092 4680 hoc
2119 4623 2286 4699 tempore

247 4702 645 4794 caeterisElectoribus.
1291 4709 1468 4796 discordia
1484 4707 1686 4781 Electorem
1710 4713 1871 4803 paritura
1895 4711 1989 4781 erat!
2023 4737 2104 4783 cum
2129 4735 2206 4781 non
2226 4733 2284 4781 so·

348 4807 479 4876 Trevir
501 4833 580 4878 cum
603 4809 742 4880 videret
761 4810 924 4882 omnium
948 4811 1090 4883 animos
1110 4814 1157 4881 ad
1171 4812 1239 4882 Ca·
1291 4812 1364 4882 lum
1383 4811 1599 4883 Germaniae
1616 4812 1823 4906 Principes,
1847 4817 1909 4887 sed
1921 4804 2082 4887 fortassis
2098 4815 2208 4885 etiam
2223 4835 2282 4882 ex·

245 4911 365 4982 rolum
386 4911 582 4997 inclinare,
616 4937 809 5004 agnoscere
831 4939 889 4997 se,
922 4914 1061 5010 inquit,
1087 4914 1238 4986 Germa·
1291 4916 1359 4985 teri
1383 4939 1484 5007 reges
1506 4915 1544 4983 in
1563 4916 1681 4986 media
1697 4918 1890 4988 Germania
1915 4920 1959 4987 de
1979 4916 2126 5010 imperii
2144 4938 2288 5010 posses·

245 5015 328 5085 niae
343 5017 471 5100 latum,
491 5029 528 5086 et
542 5016 810 5109 impendentem
825 5016 973 5108 Imperii
988 5019 1237 5089 mutationem.
1290 5018 1391 5089 sione
1405 5019 1610 5089 dimicaturi
1626 5020 1785 5092 fuissent.
1836 5021 1912 5093 Nec
1928 5021 2055 5091 leviter
2069 5032 2207 5091 tentata
2227 5041 2285 5089 res

246 5117 464 5214 Quanquam
484 5119 594 5212 igitur
607 5144 683 5189 non
698 5122 829 5192 desinit
844 5117 1004 5204 hortari,
1033 5133 1074 5192 ut
1087 5121 1243 5213 diligen·
1290 5135 1363 5206 est,
1394 5135 1436 5192 ut
1462 5146 1655 5194 consensus
1681 5137 1804 5196 noster
1830 5125 2097 5194 dissolveretur.
2158 5123 2288 5215 Quare

246 5221 317 5290 tius
337 5217 425 5292 baec
445 5246 503 5294 res
524 5223 762 5312 deliberetur,
795 5237 917 5295 tamen
941 5224 1096 5293 affirmat
1117 5249 1154 5295 se
1171 5249 1237 5315 pu·
1289 5249 1355 5318 ego
1378 5227 1525 5321 quidem
1549 5229 1767 5299 nonminus
1791 5239 1939 5320 propter
1961 5226 2194 5297 concordiam
2216 5246 2286 5292 no-

244 5323 359 5393 blicae
389 5327 603 5396 concordiae
638 5350 744 5396 causa
776 5352 880 5400 suum
911 5327 1122 5417 suffragium
1154 5351 1235 5397 cum
1288 5341 1421 5413 stram,
1454 5354 1563 5424 quam
1588 5345 1737 5423 propter
1759 5330 1968 5401 electionem
1991 5330 2283 5422 ipsam‚·laetor,

244 5425 315 5498 illis
336 5430 611 5501 coniuncturum
640 5453 727 5500 esse.
785 5430 861 5500 llac
885 5430 1060 5501 acerrima
1090 5442 1237 5500 conten·
1288 5430 1439 5526 Deoque
1453 5432 1587 5524 gratias
1607 5458 1694 5525 ago,
1720 5434 1782 5529 qui
1798 5448 1936 5505 mentes
1953 5433 2116 5504 omnium
2132 5436 2179 5502 ad
2197 5452 2287 5500 con·

243 5529 342 5601 tione
364 5532 440 5604 eius
462 5531 534 5601 diei
554 5532 758 5603 inmultam
776 5546 918 5603 noctem
935 5535 1235 5626 producta,*·tan-
1289 5536 1449 5605 cordiam
1483 5535 1707 5607 retinendam
1738 5537 1892 5608 flexit-et
1913 5536 2138 5630 gubernavit.
2199 5533 2285 5628 Qua

243 5632 325 5703 dem
362 5635 410 5705 ita
447 5635 653 5720 discedunt,
685 5647 727 5706 ut
752 5636 924 5729 postridie
951 5638 1168 5709 conveniant
1191 5638 1237 5707 de
1287 5636 1461 5712 incolumi
1493 5660 1678 5732 speramus
1701 5636 1785 5711 huic
1809 5642 1949 5711 nationi
1974 5664 2049 5712 non
2072 5638 2288 5710 defuturum
