5125 6525
375 395 434 468 Vh
486 395 552 465 DE
577 386 776 470 ERASMO
799 395 865 466 ΕΤ
889 390 1127 466 LUTdEtto
1153 390 1392 475 ELOGlON,
1418 386 1946 477 MT105Wffl1,1rc.
2102 390 2179 468 100

144 394 220 476 106
274 474 283 486 ,

143 568 358 660 scripturam
381 568 587 644 contuleris.
638 567 768 640 Nostra
789 561 999 650 methodos,
1025 587 1134 659 quam
1188 564 1260 647 bit,
1286 565 1316 636 si
1338 563 1436 636 voles
1459 561 1523 633 uti.
1576 561 1670 631 Mire
1694 562 1800 652 cupio
1819 562 2040 659 seim-quid
2058 562 2178 636 Theo·

142 672 372 763 praefiximus
400 671 574 742 Paulinae
604 671 775 761 epistolae
798 672 843 739 ad
873 670 1058 740 Romanos
1082 667 1135 735 di·
1184 668 1353 757 ‚logorum
1375 689 1584 755 graecorum
1611 661 1743 734 habeat
1762 666 1957 757 bibliopola
1976 679 2093 737 vester
2110 668 2178 752 Co-

142 786 275 844 ctatam
299 770 429 844 scholis
452 772 651 866 nostris⁷),
687 782 779 843 certe
803 772 898 841 viam
918 772 985 839 tihi
1001 770 1135 842 indica·
1186 768 1334 859 largius.
1385 767 1479 841 Nam
1502 768 1661 858 impense
1685 768 1810 858 cupio,
1846 769 1884 836 in
1904 769 2019 840 lucem
2045 768 2178 851 edi‚st

1187 872 1250 965 qui
1263 871 1362 960 digni
1379 882 1463 942 sunt
1478 871 1540 964 qni
1553 872 1729 959 legantur.
1761 870 1799 938 si
1813 884 1927 961 potes,
1947 896 2092 964 quaeso,
2110 896 2178 951 no·

125 973 128 978 ’
177 1008 210 1065 7)
229 1008 280 1058 uls
298 1009 326 1058 m
343 1019 433 1071 meg.
450 1008 592 1071 adscripta
609 1008 687 1056 sunt:
711 1004 839 1066 reptatus
854 1002 891 1053 sa
908 1000 986 1051 non.
1186 975 1444 1044 menolaturam
1465 998 1590 1043 eorum
1613 976 1658 1042 ad
1678 998 1736 1042 me
1751 972 1864 1043 mitte.
1914 971 2003 1044 Vale
2016 974 2176 1052 feliciter.

394 1282 510 1366 Idem
538 1280 764 1387 Philippus
797 1239 1076 1391 lllelanthon,
1119 1300 1301 1387 quonam
1330 1278 1484 1362 indicio
1513 1278 1693 1388 legendi
1723 1280 1920 1364 Antores.

245 1480 458 1572 origenem,
483 1480 741 1562 Ambrosium,
767 1475 1027 1567 Hieronymum
1051 1500 1132 1547 cum
1186 1478 1405 1560 adserimus,
1437 1476 1568 1568 etipse
1593 1477 1726 1547 adserit
1748 1478 1788 1546 in
1807 1478 1927 1549 libello
1951 1480 1994 1547 de
2011 1480 2124 1569 gratia
2141 1489 2177 1546 et

141 1583 380 1674 iudiciolege.
431 1583 523 1654 Sunt
539 1582 635 1650 enim
651 1581 689 1648 in
706 1580 756 1649 eis
770 1602 845 1647 non
862 1601 991 1670 parum
1009 1579 1133 1662 multa,
1184 1583 1299 1651 libero
1319 1579 1482 1650 arbitrio.

143 1711 235 1781 quae
267 1685 493 1777 Apostolicae
526 1683 710 1753 doetrinae
741 1681 910 1750 videntur
938 1682 1132 1752 adversari.
1287 1680 1327 1751 ln
1352 1683 1446 1751 libro
1475 1684 1519 1750 de
1545 1682 1614 1750 fide
1637 1694 1673 1751 et
1700 1680 1868 1772 operibus
1890 1683 2054 1774 quaeris,
2089 1678 2177 1752 haec

143 1790 248 1861 Certe
275 1788 489 1858 sententiam
510 1786 616 1856 Pauli
644 1810 685 1854 ar
713 1782 979 1876 Prophetarum
1006 1784 1134 1853 lliero·
1185 1784 1292 1853 velim
1311 1796 1346 1853 te
1360 1784 1506 1877 proprie
1522 1783 1739 1874 intelligere,
1766 1784 1852 1877 quid
1868 1808 1954 1867 nos,
1981 1785 2068 1879 quid
2083 1783 2177 1856 Pau·-

140 1915 273 1985 nymus
302 1914 376 1960 non
408 1903 460 1961 est
494 1891 711 1982 adsequutus
728 1885 772 1984 ⁸).
840 1886 1061 1979 Cyprianus,
1099 1898 1134 1955 et
1185 1889 1241 1957 lus
1257 1900 1361 1957 vocet
1375 1890 1494 1957 fidem.
1529 1886 1712 1979 Quoniam
1729 1889 1916 1958 docetnos
1933 1885 2076 1983 fidem),
2100 1911 2177 1958 non

141 1993 301 2064 H'darius
328 1993 437 2083 paulo
461 1989 518 2061 his
538 2004 620 2061 suut
645 1990 848 2061 solidiores:
895 2001 930 2057 et
951 1989 990 2057 in
1010 2012 1131 2059 caussa
1186 1990 1354 2081 operibus
1384 1990 1579 2060 iustificari.
1636 1989 1729 2061 Nam
1761 1985 1990 2062 scholasticae
2019 1994 2178 2084 disputae

141 2096 278 2189 gratiae
300 2093 654 2187 certaeCyprianum
679 2116 754 2162 non
776 2094 1042 2183 aspernandum
1067 2117 1132 2185 pu·
1185 2095 1301 2164 tiones
1330 2095 1373 2161 de
1403 2094 1471 2163 lide
1497 2088 1589 2161 nihil
1617 2089 1688 2164 huc
1715 2092 1862 2162 faciunt.
1913 2092 2031 2166 llahes
2055 2107 2174 2168 autem

142 2213 201 2280 to;
226 2200 288 2268 sed
304 2211 341 2266 et
355 2198 430 2288 ipse
444 2212 520 2267 nou
534 2220 618 2265 raro
635 2196 830 2287 scripturas
847 2207 1003 2288 torquet.
1183 2198 1344 2266 libellum
1374 2195 1532 2265 doctoris
1557 2194 1708 2264 Martini
1730 2191 1900 2280 Lutheri,
1940 2199 1983 2267 de
2011 2198 2175 2270 libertate

242 2297 412 2369 Veterum
429 2325 470 2368 ac
483 2323 660 2370 novorum
680 2294 921 2392 (mihicrede)
939 2296 1044 2388 pauci
1056 2298 1131 2366 fue·

141 2425 200 2487 re,
235 2403 297 2494 qui
319 2400 426 2492 Legis
456 2415 491 2470 et
512 2402 659 2474 Gratiae
690 2399 883 2469 discrimen
906 2399 1052 2491 proprie
1078 2399 1131 2467 in-

139 2504 359 2587 tellexerint,
385 2516 421 2573 et
435 2507 532 2573 iuxta
548 2503 652 2573 Pauli
669 2501 881 2573 sententiam
898 2501 1098 2571 tractarint.

242 2605 462 2695 Augustinus
493 2605 532 2673 in
560 2604 801 2695 disputatione
824 2606 868 2672 de
892 2603 1028 2695 gratia,
1063 2599 1132 2672 hoc

140 2718 280 2776 tantum
296 2710 389 2797 agit,
417 2720 451 2776 et
469 2720 592 2776 contra
610 2707 816 2798 Pelagium,
842 2731 917 2775 non
935 2730 1038 2798 posse
1055 2706 1130 2775 sine

139 2809 267 2900 spiritu
290 2821 413 2879 sancto
437 2835 456 2877 a
480 2810 584 2880 nobis
600 2809 678 2879 lieri
695 2812 830 2880 bonum
849 2834 957 2903 opus,
983 2804 1130 2891 horest,

139 2908 230 2980 nihil
254 2937 327 2982 esse
348 2913 438 2983 ullas
462 2925 612 2981 naturae
630 2914 803 2994 morales,
829 2937 890 2981 seu
908 2906 1130 3002 philosophi·

1185 2296 1376 2370 christiana
1388 2297 1454 2397 ¹¹),
1488 2322 1596 2391 quem
1620 2297 1760 2367 utinam
1784 2322 1926 2390 semper
1950 2299 1989 2370 iu
2010 2301 2176 2373 manihus

1184 2398 1334 2470 habeas:
1375 2402 1471 2470 unde
1501 2399 1588 2493 quid
1613 2400 1721 2483 fides,
1754 2400 1843 2493 quid
1866 2425 1995 2491 opera,
2027 2403 2175 2496 proprie

1183 2504 1318 2575 discere
1346 2516 1458 2592 potes.
1524 2500 1572 2571 Et
1593 2515 1635 2570 ut
1657 2527 1835 2572 summam
1863 2500 1968 2575 huius
1991 2507 2176 2580 doctrinae

1183 2607 1248 2676 tibi
1265 2606 1426 2690 tradam,
1453 2607 1551 2697 quod
1568 2604 1656 2675 dicit
1666 2604 1880 2696 Apostolus,
1905 2606 1976 2677 tide
1992 2608 2177 2680 iustificari

1182 2733 1269 2791 nos,
1296 2708 1346 2777 sic
1363 2707 1532 2798 intellige.

1284 2808 1462 2878 Historica
1498 2809 1678 2901 cognitio,
1718 2835 1788 2905 qna
1822 2823 1920 2882 certo
1945 2814 2040 2900 scio,
2078 2817 2176 2909 quod

1183 2905 1345 2981 Christus
1368 2925 1420 2982 est
1443 2914 1530 2981 deris
1551 2924 1586 2981 et
1606 2907 1719 2980 homo
1742 2926 1807 2984 etc.
1860 2912 1985 3006 Qualis
2008 2931 2059 2988 est
2077 2920 2176 3004 fides,

140 3038 197 3083 cas
220 3014 389 3097 virtutes,
422 3028 457 3083 et
479 3038 602 3084 earum
627 3038 736 3105 opera
759 3015 866 3105 plane
883 3026 1025 3105 peecata
1044 3038 1129 3084 esse.

138 3114 187 3185 Et
201 3113 289 3186 haec
304 3130 398 3186 certe
416 3116 606 3208 diligenter
623 3117 805 3207 probatio
821 3117 865 3186 iis
882 3117 994 3186 libris.

1182 3037 1252 3106 qua
1269 3014 1342 3084 seio
1360 3027 1467 3098 certe,
1489 3027 1550 3083 aut
1567 3017 1687 3098 credo,
1708 3020 1805 3109 quod
1822 3016 1961 3087 Romae
1979 3021 2174 3115 aliquando

1181 3118 1341 3205 regnarit
1357 3118 1539 3207 Augustus
1555 3115 1697 3186 Caesar.
1750 3118 1850 3188 Talis
1869 3115 2035 3190 historica
2056 3133 2174 3214 cogni-

1181 3217 1233 3286 tio
1256 3219 1300 3287 de
1317 3214 1461 3289 Christo
1485 3242 1560 3287 non
1582 3218 1759 3289 iustificat.
1812 3220 1870 3290 Sic
1891 3219 2048 3318 namque
2071 3226 2172 3318 impii

1182 3323 1344 3390 credunt.
1381 3321 1438 3390 Sic
1455 3323 1648 3391 daemones
1668 3347 1813 3416 quoque
1830 3328 1990 3396 credunt.
2034 3326 2173 3400 Dehas

1181 3424 1333 3531 seynse
1353 3423 1431 3492 vult
1446 3423 1597 3515 intelligi
1613 3422 1761 3495 lacobus
1778 3429 1815 3494 in
1831 3451 1893 3496 sua
1912 3431 2094 3501 canonica.

1251 3534 1255 3539 '
1284 3527 1477 3608 Assensus,
1503 3551 1566 3596 seu
1589 3528 1716 3596 fiducia
1738 3529 1776 3596 in
1792 3529 2066 3619 promissionem
2082 3535 2173 3603 divi-

1180 3649 1288 3710 nam,
1314 3629 1412 3720 quod
1434 3624 1596 3699 Christus
1616 3653 1682 3718 pro
1705 3655 1762 3699 me
1786 3635 1889 3701 datus
1914 3634 1960 3703 sit
1974 3635 2040 3732 ¹¹),
2075 3639 2172 3730 quod

1182 3723 1344 3800 Christus
1365 3754 1444 3798 mea
1467 3732 1584 3800 deleat
1598 3745 1763 3821 peccata,
1789 3737 1886 3828 qnod
1905 3733 2066 3809 Christus
2083 3740 2172 3806 vivi-

1180 3831 1261 3900 ficet
1284 3856 1359 3915 me,
1385 3828 1475 3902 haec
1498 3835 1585 3902 lides
1609 3846 1662 3902 est
1682 3834 1741 3902 illa
1758 3834 1964 3927 Evangelii,
1988 3866 2079 3935 quae
2094 3844 2169 3911 sola

1180 3931 1421 4029 iustificat¹⁸)‚
1456 3935 1493 4004 id
1517 3948 1588 4018 est,
1614 3930 1703 4006 haec
1723 3939 1797 4006 sola
1820 3954 2009 4034 reputatur
2031 3945 2169 4014 nobisa

1180 4037 1248 4104 deo
1272 4061 1340 4128 pro
1364 4036 1512 4106 iustitia.
1572 4038 1692 4128 Opera
1722 4044 1952 4132 quantumvis
1981 4047 2171 4115 videantur

1179 4139 1296 4220 hona,
1323 4162 1389 4229 pro
1408 4139 1541 4209 iustitia
1557 4164 1632 4208 non
1646 4155 1870 4232 reputantur.
1922 4146 1988 4214 Sed
2008 4149 2089 4240 quia
2108 4149 2179 4215 illa·

1178 4240 1265 4309 fides
1283 4264 1350 4310 nos
1367 4237 1509 4310 Christo
1528 4243 1737 4333 incorporat
1751 4257 1785 4312 et
1800 4245 1943 4330 inserit,
1968 4250 2048 4317 ideo
2070 4250 2168 4318 iusti-

1179 4342 1346 4425 ficamur,
1373 4343 1408 4412 id
1427 4357 1498 4427 est,
1521 4345 1601 4412 ideo
1618 4369 1683 4415 nos
1700 4347 1776 4415 vult
1790 4360 1957 4438 reputare
1974 4375 2040 4441 pro
2056 4351 2168 4422 iustis.

1179 4443 1236 4512 sic
1260 4440 1411 4536 pulchro
1434 4447 1597 4537 exemplo
1616 4470 1691 4515 rem
1709 4449 1782 4538 agit
1796 4447 1989 4540 Apostolus
2007 4453 2044 4520 in
2061 4453 2168 4522 Gala-

1179 4545 1235 4614 tis.
1285 4545 1383 4616 Deus
1403 4549 1571 4639 promisit
1593 4550 1696 4619 nobis
1720 4550 1889 4620 iustitiam
1913 4566 1948 4621 et
1972 4555 2081 4623 vitam
2103 4580 2168 4646 per

1178 4644 1374 4730 Christum,
1400 4651 1615 4740 promissum
1636 4653 1805 4737 creditur,
1830 4678 1915 4744 ergo
1931 4681 2006 4725 non
2019 4657 2088 4728 nisi
2103 4683 2169 4750 per

1177 4751 1282 4818 fidem
1301 4751 1546 4823 iustificamur.
1598 4751 1672 4821 lam
1690 4767 1731 4824 ut
1743 4751 1930 4828 hominum
1948 4763 2168 4832 testamentis

1177 4848 1269 4920 nihil
1288 4851 1373 4922 licet
1398 4852 1604 4924 detrahere:
1641 4857 1688 4923 ita
1712 4883 1828 4950 neque
1851 4859 1918 4928 Dei
1941 4874 2167 4936 testamento.

242 4989 392 5082 Reliqua
422 5014 502 5058 cum
534 4987 665 5058 iudicio
692 4987 780 5078 lege·
837 4985 929 5057 Nam
954 4988 1014 5079 qui
1036 4987 1126 5055 liber
1177 4954 1274 5025 Deus
1302 4970 1420 5026 autem
1446 4957 1578 5048 legavit
1602 4960 1845 5044 credentibus,
1884 4965 1983 5033 nullo
2017 4991 2164 5056 operum

138 5102 193 5160 est
212 5090 332 5159 infima
358 5103 478 5180 parte,
505 5094 549 5160 de
575 5093 688 5159 libero
713 5090 880 5170 arbitrio,
907 5113 981 5157 non
998 5092 1126 5180 proha·
1177 5070 1359 5148 resl'ecm’
1394 5060 1502 5128 eliam
1537 5061 1646 5151 gratis
1681 5063 1805 5132 Vitam·
1867 5063 1963 5156 E¹g⁰
1997 5094 2069 5137 ⁰⁰¹¹
2102 5092 2167 5160 Per

138 5216 237 5272 mus;
265 5205 300 5261 et
325 5194 453 5262 alicubi
476 5219 513 5264 se
536 5205 680 5287 torquet
705 5193 741 5258 in
766 5191 973 5284 quaestione
988 5194 1125 5287 quinta,

137 5296 269 5366 Utrum
293 5296 379 5365 deus
403 5298 495 5365 mala
521 5297 639 5365 faeiat.
699 5293 806 5385 Quoo
833 5318 899 5364 nos
923 5309 1126 5366 constanter
1214 5343 1260 5400 ¹⁰)
1279 5342 1427 5392 „mm

138 5438 343 5450 -ι-νσ--ιιι

480 3268 523 3339 ln
550 3283 646 3340 sexta
674 3283 788 3361 parte.

188 3389 243 3458 De
258 3402 487 3480 peecatorum
504 3388 642 3457 meritis
661 3400 695 3456 et
713 3388 934 3457 remissione.

187 3491 242 3561 De
257 3492 385 3582 spiritu
404 3502 439 3558 et
453 3490 569 3558 litera.

189 3593 242 3662 De
256 3605 386 3661 natura
403 3604 438 3659 et
451 3591 579 3682 gratia.

457 3741 499 3812 ln
526 3743 664 3812 dee'ima
691 3757 806 3835 parte.

189 3862 323 3932 Contra
341 3865 429 3933 duas
448 3864 616 3953 epistolas
631 3863 923 3953 Pelagianorum.

189 3966 323 4036 Contra
340 3963 516 4034 lulianum
534 3968 577 4034 de
594 3965 707 4056 gratia
725 3979 760 4035 et
777 3966 890 4036 libero
907 3965 1070 4035 arbitrio.

188 4068 243 4136 De
260 4068 492 4159 conceptione
513 4082 547 4137 et
564 4070 690 4159 gratia.

188 4171 242 4239 De
267 4171 593 4260 praedestinatione
616 4181 821 4240 sanctorum
844 4182 879 4239 et
896 4170 994 4238 bono
1010 4191 1128 4260 perse-

240 4273 436 4342 vetantiae.

432 4421 473 4493 ln
500 4424 689 4493 undecima
714 4437 828 4515 parte.

186 4545 242 4615 Ad
257 4545 425 4616 articulos
440 4543 630 4634 Augustini
646 4545 734 4614 salso
753 4542 952 4635 impositos,
978 4536 1126 4633 rhapso-

242 4648 298 4717 dia
316 4661 369 4718 est
383 4647 501 4717 neseio
518 4646 627 4716 cuius.

191 4750 323 4821 Contra
344 4751 557 4841 Pelagianos
572 4744 919 4847 ainoyrwormoir‘).

189 4853 242 4925 De
263 4855 478 4944 perfectione
494 4853 660 4922 iustitiae.

1444 5341 1472 5392 ln
1490 5352 1578 5404 larg,
1597 5343 1718 5405 repetit·
1731 5347 1784 5395 est.

1214 5430 1381 5500 tttAnnot.
1400 5438 1505 5487 narn:
1534 5423 1645 5479 lether.
1663 5429 1697 5477 ds
1716 5430 1843 5479 llbertsts
1860 5430 2018 5480 chrisum

172 5511 204 5576 8)
223 5514 324 5564 Annot.
345 5523 447 5575 marg:
471 5514 560 5562 noco·
578 5512 748 5576 flieronynl.
1213 5515 1260 5571 ¹2)
1278 5516 1379 5566 annot
1397 5525 1501 5576 marg:
1526 5513 1642 5563 structe
1660 5514 1687 5562 ln
1706 5515 1854 5565 christun.

173 5600 204 5665 9)
222 5592 440 5666 ὖπογνυστικῶν
457 5597 534 5662 (llorl
547 5596 627 5662 vlt]
654 5598 704 5650 ttd.
718 5597 793 5652 lm
810 5590 1036 5666 ὖιογνοπιμόν.
1216 5598 1261 5659 tt)
1280 5602 1381 5653 annot.
1399 5611 1504 5664 nug:
1532 5600 1696 5651 lustilcstto
1713 5599 1891 5664 Emgellrc.

141 5686 325 5755 uramara.
349 5685 455 5745 Orsa.
490 5682 574 5743 Vos..
596 5681 671 5742 xx.
1599 5668 1648 5740 45
