5125 6525
271 449 350 530 sn

376 614 441 687 hos
464 615 665 684 ardeliones

380 746 401 789 o
424 718 626 787 ardeliones

378 823 423 889 ab
447 815 503 890 his
530 818 783 889 ardelionibus.
821 841 823 846 ·

690 952 841 1043 Excipe:

376 1058 496 1127 Homo
522 1054 680 1126 hominis
822 1077 930 1123 nemo
956 1056 1112 1127 neminis

376 1160 472 1230 Anio
496 1158 645 1228 Anienis
655 1155 702 1250 ⁸⁸)
822 1155 954 1247 Apollo
981 1159 1171 1251 Apollinis.

519 1292 734 1383 Paradigma
761 1290 799 1357 in
827 1292 875 1359 do
903 1306 937 1362 et
964 1318 1022 1385 go.

582 1391 670 1465 haec
695 1394 815 1482 imago

583 1494 699 1569 huius
713 1495 880 1583 imaginis

583 1597 668 1669 huic
692 1596 841 1687 imagini

584 1699 679 1771 hanc
703 1698 895 1788 imaginem

585 1830 607 1873 o
632 1804 751 1893 imago

584 1908 629 1974 ab
654 1900 722 1973 hac
745 1902 913 1993 imagine.
934 1894 940 1897 ’

634 2020 829 2093 Pluraliler
843 2020 902 2115 ⁸⁰).

583 2122 653 2196 hae
674 2123 849 2213 imagines

583 2225 713 2298 harum
739 2226 937 2317 imaginum
991 2257 995 2262 -

431 2369 435 2375 ·
581 2327 639 2401 his
664 2328 882 2419 imaginibus
962 2363 966 2372 ¹

474 2455 478 2466 ·
582 2429 648 2503 has
670 2429 845 2521 imagines

583 2558 608 2603 o
630 2534 804 2625 imagines

469 2669 473 2676 ·
582 2637 629 2706 ab
649 2633 707 2707 his
730 2634 958 2727 imaginibus.

539 2755 692 2849 Excipe:
725 2755 819 2825 Caro
846 2754 976 2825 carnis.

1238 1351 1277 1428 1·

843 443 967 518 PHIL.
1001 444 1114 522 Mul..
1132 377 1358 532 ‘sumnus
1378 379 1716 526 PfflJaOlAOGss·

1627 641 1648 684 o
1673 610 1820 706 Sappho
1955 677 1957 686 .

1625 719 1670 785 ab
1692 713 1760 785 hac
1781 711 1953 808 Sapplm„

1792 834 1832 906 C.

1420 937 1503 1009 Duo
1519 950 1658 1007 tantum
1674 948 1757 1008 sunl
1777 937 1946 1021 nomina,

1420 1036 1489 1111 hoc
1513 1041 1587 1124 lac,
1691 1052 1727 1110 et
1746 1036 1815 1111 hoe
1836 1035 1951 1109 halec.

1814 1142 1964 1213 Plautus
1996 1154 2031 1210 el
2061 1135 2132 1210 hoe
2158 1141 2247 1211 lacte
2274 1142 2315 1214 in

1814 1241 2041 1314 nominativo
2080 1242 2167 1314 dicit
2212 1242 2315 1346 [Me-

1808 1339 1976 1416 naechm.
1992 1341 2030 1429 5,
2040 1345 2083 1432 9,
2100 1341 2196 1450 ³0.].

1422 1142 1501 1212 Hoc
1525 1144 1580 1213 lac

1420 1240 1528 1316 huius
1552 1245 1653 1315 laesis

1421 1343 1505 1419 huic
1527 1348 1610 1417 laeli

1421 1446 1490 1522 hoc
1514 1450 1567 1518 lac

1423 1551 1584 1647 olacfl)

1421 1655 1467 1723 ab
1488 1651 1557 1724 hoc
1578 1655 1681 1722 lacle.
1763 1654 1766 1659 ’

1612 1773 1758 1843 Plurale
1777 1772 2012 1844 desideratur.

1420 1874 1514 1948 Nam
1538 1877 1644 1947 lactes
1668 1876 1808 1967 plurale
1833 1888 1993 1959 tantum,
2026 1874 2202 1965 significat
2217 1876 2312 1947 inse·

1317 1977 1432 2060 slina‚
1458 1972 1698 2077 ynloemidac.

1628 2076 1697 2149 hoc
1720 2076 1820 2148 halec

1625 2178 1733 2253 huius
1751 2178 1883 2251 halecis

1628 2281 1712 2356 huie
1733 2280 1849 2368 haleei

1628 2384 1697 2466 hoo
1718 2369 1896 2482 halec-9⁸).

1535 2506 1769 2586 Desiderasun
1795 2518 1831 2574 et
1855 2500 1913 2576 bie
1935 2504 2084 2595 plurale.

1744 2642 1807 2713 AL
1819 2644 1881 2738 ⁹⁸).

1420 2762 1460 2832 ln
1485 2763 1537 2845 al,
1571 2764 1600 2834 is
1625 2764 1799 2833 adiiciunt
1821 2759 2065 2844 nominativo,
2102 2757 2313 2856 habentque

376 2880 506 2951 Pondo
528 2890 696 2948 neutrum
721 2888 792 2960 est,
818 2874 1070 2959 indeclinabile
1091 2875 1265 2970 singulari
1318 2866 1444 2957 longas
1465 2866 1692 2957 penultimas·

275 3010 316 3080 ap
330 2981 467 3078 plurali
478 3002 642 3074 numero.
681 2976 871 3048 Fallunlur
889 2977 1005 3061 enim,
1030 2975 1265 3074 quisingula-

274 3087 374 3159 ribus
390 3081 657 3154 accommodari
674 3105 777 3173 posse
795 3092 938 3174 negant.
996 3079 1090 3153 Nam
1109 3092 1145 3150 et
1158 3079 1266 3150 eo'ro-

273 3216 358 3260 nam
382 3190 506 3282 pondo
529 3186 631 3269 auri,
658 3195 693 3252 el
708 3183 838 3252 libram
855 3185 999 3277 pondo,
1025 3179 1149 3253 Livius
1165 3167 1265 3255 dixil.

273 3294 403 3365 Poudo
425 3290 572 3383 proprie
593 3288 767 3381 signifieat
783 3311 897 3359 assem
913 3312 976 3357 seu
992 3286 1142 3369 libram,
1170 3291 1265 3358 unde

176 3408 180 3415 ‘
275 3396 481 3490 dupondius
497 3390 617 3485 esl⁹⁰).
669 3388 733 3463 Est
750 3402 785 3460 et
797 3414 864 3482 pro
881 3391 1041 3481 pondero
1056 3388 1266 3481 simpliciter

275 3510 507 3590 usurpatum,
549 3519 628 3565 cum
657 3492 818 3563 additum
844 3505 896 3563 est
922 3493 1136 3565 vocabulum
1149 3493 1265 3578 libra.

274 3603 333 3674 Sic
350 3600 446 3670 enim
465 3597 589 3668 Livius
606 3595 675 3677 ait,
699 3593 809 3664 Libra
825 3597 948 3686 pondo
968 3595 1047 3665 auri
1073 3606 1139 3664 etc.

377 3715 530 3807 Propria
557 3715 594 3783 in
616 3738 637 3780 o
663 3694 881 3794 foeminina,
915 3713 1127 3804 regulariter
1138 3713 1264 3795 ¹[ratini

276 3819 480 3900 declinant,
499 3829 540 3886 ut

581 3910 673 3997 haec
695 3912 785 3984 luno

578 4002 872 4088 'huiuslo'nonis

379 4124 515 4195 Graeca
533 4123 641 4191 eliam
659 4121 698 4188 in
714 4147 735 4188 o
751 4133 887 4190 veteres
902 4119 951 4190 sic
968 4121 1206 4204 declinarunt,
1227 4131 1267 4188 nl

587 4220 676 4293 haec
701 4219 849 4316 Sappho

586 4323 692 4396 buius
715 4322 930 4419 sapphonis.

370 4429 527 4503 :ilum-
544 4452 633 4501 usus-
659 4428 834 4511 obsinuil,
875 4439 916 4498 ul
943 4427 1084 4498 Graeca
1112 4428 1267 4499 declina·

162 4526 166 4535 ¹
276 4534 581 4605 tione-liessssiur
598 4532 755 4602 Graeca:

552 4688 555 4697 .
585 4631 675 4704 llaec
697 4627 845 4725 Sappho

585 4733 690 4805 huius
712 4732 878 4827 Sapphus
888 4733 936 4830 ⁰¹)
1024 4797 1028 4803 ,

584 4834 668 4910 huie
690 4835 837 4930 Sappho
851 4837 901 4933 ⁹¹)

586 4937 679 5011 hanc
705 4937 908 5034 Ssppho⁰¹)

310 5183 507 5251 soranam]
527 5183 569 5233 su
580 5183 664 5233 ruste.
677 5181 764 5243 rasa,
779 5179 866 5240 rus,
880 5192 905 5231 ι.
916 5166 1029 5243 als-uo.
1041 5176 1117 5231 uss
1130 5175 1267 5228 solenus.

310 5268 359 5337 00)
379 5273 438 5322 lise
455 5273 564 5322 furiose
583 5269 658 5320 Plnr.
678 5267 705 5315 lo
726 5266 774 5315 [td.
793 5280 818 5314 s.
838 5277 864 5319 ι.
880 5266 983 5321 omos
1001 5276 1104 5319 oum.

309 5352 359 5422 00)
377 5356 531 5420 dupondius
549 5356 617 5414 ost]
635 5351 717 5401 Edist.
738 5351 830 5414 Μ,
857 5365 881 5400 s.
899 5362 925 5401 s.
944 5350 1063 5400 monol:
1089 5349 1116 5399 ld
1133 5353 1191 5413 sss,
1214 5350 1268 5401 duo

344 5435 427 5476 sssss

162 5541 167 5550 =
310 5509 361 5570 Sl)
379 5463 523 5573 apphus,
541 5507 670 5585 Sunio,
695 5502 816 5588 suppio]
836 5505 879 5557 sis
896 5505 948 5559 Ed.
965 5518 991 5559 s.
1008 5516 1052 5569 s.;
1076 5504 1160 5584 'im‘
1182 5502 1269 5568 im„

248 5628 253 5635 .
346 5575 688 5711 ffissffupwm.
703 5571 977 5642 sannanim.
994 5586 1114 5643 rapo.
1131 5570 1270 5626 Edisse.

1698 2981 1927 3071 Paradigma.

1628 3082 1695 3154 hoc
1717 3082 1870 3174 vectigal

1625 3185 1732 3258 buius
1753 3185 1933 3278 vectigalis

1626 3286 1709 3361 huic
1731 3289 1896 3380 vectigali

1628 3391 1697 3462 hoc
1722 3393 1874 3483 vectigal

1629 3522 1650 3564 o
1670 3495 1823 3588 vectigal·

1627 3601 1672 3668 ab
1697 3595 1766 3667 hoe
1787 3595 1962 3687 vectigali.

1712 3717 1917 3788 Plursliler.

1627 3818 1716 3891 base
1737 3819 1922 3911 vectigalia

1629 3919 1760 3993 horum
1785 3921 2010 4015 vectigalium

1628 4021 1683 4096 bis
1705 4025 1961 4117 vectigalibus.-

1423 4148 1483 4218 Sal
1497 4148 1599 4230 salis,
1626 4147 1782 4237 priorem
1807 4142 2095 4216 brevembabet.
2149 4145 2310 4216 Catullus

1319 4248 1403 4351 [⁸⁷.
1419 4246 1493 4348 4.]:
1518 4246 1559 4318 ln
1577 4262 1653 4318 toto
1671 4273 1746 4317 non
1763 4260 1815 4320 esl
1831 4264 1984 4340 corpore
2002 4250 2092 4317 mica
2110 4248 2204 4320 salis.
2251 4247 2311 4317 Sic

1319 4367 1355 4423 et
1372 4353 1581 4445 peregrina,
1608 4351 1790 4423 Hannibal
1808 4351 2033 4422 Hannibalis.

1422 4589 1462 4659 ln
1479 4593 1510 4660 el
1524 4592 1596 4661 duo
1617 4602 1720 4675 sunl,
1748 4592 1819 4661 mel
1836 4603 1871 4660 et
1885 4591 1943 4662 fel.

1524 4693 1593 4761 hoc
1613 4694 1682 4760 mel
1837 4693 1895 4764 Sic
1917 4689 1986 4764 huc
2008 4694 2066 4776 iel,

1528 4793 1633 4866 huius
1660 4795 1774 4866 mellis
1836 4792 1942 4868 huius
1964 4797 2064 4867 fellis.

1526 4893 1611 4968 huic
1635 4897 1731 4968 melli

1525 4996 1595 5070 boc
1617 5000 1688 5069 mel

1528 5128 1550 5171 o
1572 5105 1645 5173 mel
1657 5102 1706 5193 ⁸⁶)

1528 5207 1573 5276 ab
1595 5203 1664 5276 hoc
1683 5209 1800 5277 melle.

1327 5327 1529 5343 Q——n

1354 5377 1406 5436 91)
1424 5376 1475 5427 llio
1491 5375 1591 5427 Vooss.
1611 5376 1638 5424 in
1656 5375 1741 5425 mist.
1760 5375 1853 5440 lm,
1874 5375 1966 5439 lm,
1989 5373 2063 5425 lus.
2082 5373 2172 5428 dous.

1354 5464 1406 5525 91)
1425 5464 1474 5513 Μ.
1493 5476 1518 5518 s.
1536 5474 1563 5515 s.
1581 5462 1658 5514 esde
1676 5459 1744 5515 Vos.
1763 5465 1794 5512 st
1810 5463 1887 5515 Aul:
1911 5459 1929 5513 b
1947 5462 2043 5525 huso,
2060 5461 2096 5512 sb
2112 5460 2165 5512 boo
2180 5459 2287 5513 hum.

1354 5549 1405 5618 94)
1424 5551 1497 5608 Ala]
1516 5551 1565 5605 Ed.
1585 5551 1660 5602 lm.
1679 5552 1710 5605 1..

1356 5633 1405 5701 95)
1424 5635 1475 5689 llio
1492 5635 1562 5687 Von
1579 5639 1614 5686 ab
1633 5635 1717 5686 Mlti.
1734 5636 1826 5701 lm,
1848 5635 1942 5705 lm,
1962 5636 2038 5690 lut
2055 5637 2145 5688 Μ.
