5125 6525
259 500 335 577 696
784 494 906 567 PHlL.
931 495 1045 567 MEL.
1072 491 1275 566 SCRIPTA
1301 489 1432 559 VARll
1457 488 1762 564 ARGUMENTI.
2217 487 2296 557 696

388 669 562 747 Priusquam
583 669 621 727 ad
644 670 751 727 librum
772 669 869 745 ipsum
897 668 1119 744 progredimur,
1153 665 1342 741 Epigramma
1369 671 1400 718 et
1422 660 1618 720 Melanthouis
1648 664 1685 721 de
1711 649 1845 739 epistola'
1858 658 2005 736 Rodolphi
2028 658 2187 735 Agricolae
2217 659 2298 715 iudi-

262 761 357 835 cium,
384 756 511 835 quaein
535 755 619 833 primi
640 753 703 811 solii
725 755 842 812 illorum
865 754 952 810 trium
975 753 1116 810 librorum
1137 751 1243 829 pagina
1264 763 1368 804 aversa
1389 746 1546 821 leguntur,
1575 747 1763 807 exhibemus.

1143 884 1195 942 Ad
1218 884 1411 944 libellum.

766 1006 938 1065 Nominibus
960 1007 1075 1080 multis,
1104 1023 1160 1063 nec
1181 995 1397 1079 oivcdvvrrog*)
1421 1020 1518 1078 neque
1540 1003 1642 1061 libelle
1663 1021 1706 1062 es.

859 1088 934 1147 Inde
956 1109 1040 1148 suum
1064 1091 1154 1148 tacuit
1176 1091 1226 1166 qui
1248 1088 1332 1145 dedit
1353 1087 1407 1145 illa
1427 1088 1488 1144 tibi.

772 1175 936 1253 Agricolam
960 1193 1097 1252 magnum
1121 1175 1215 1251 primo
1237 1190 1306 1230 nam
1327 1168 1492 1248 lumine**)
1514 1173 1618 1231 cernis.

860 1260 1016 1338 Postquam
1040 1278 1122 1316 suam
1144 1259 1267 1316 classem
1291 1257 1387 1314 clarus
1409 1256 1548 1313 Erasmus
1572 1256 1669 1315 habet.

771 1344 882 1403 Doctus
903 1356 934 1403 at
956 1344 1026 1403 inde
1048 1343 1202 1420 Philippus
1223 1343 1314 1399 habet
1336 1350 1483 1417 postrema
1505 1340 1726 1398 Melanchthon.

816 1469 822 1477 .
855 1429 885 1504 l,
914 1448 992 1486 nunc
1014 1429 1170 1486 Fladrinus
1192 1428 1257 1485 vult
1277 1444 1396 1503 quoque
1418 1426 1525 1484 adesse
1547 1443 1652 1483 comes.

1021 1580 1227 1657 Philippus
1256 1578 1543 1638 Melanchthon.

348 1693 393 1752 Ad
407 1693 559 1752 formanda
570 1695 683 1770 studia,
705 1696 939 1773 corrigendaque
955 1682 1078 1771 iudicia,
1100 1697 1149 1753 vix
1165 1694 1244 1753 aliud
1257 1687 1318 1753 'hac
1331 1696 1457 1772 epistola
1469 1697 1552 1773 leges
1574 1692 1827 1752 accommodatius.
1870 1690 1998 1750 Proinde
2017 1689 2145 1763 iuvenis,
2174 1705 2302 1766 operam

265 1776 366 1852 dabis,
393 1790 426 1836 ut
448 1797 535 1853 quam
555 1779 781 1838 familiarissima
804 1781 856 1839 tibi
877 1781 939 1840 fiat.

281 1951 690 1970 m.-

303 2060 335 2124 *J
356 2058 513 2135 ἀνώνυμος]
531 2067 673 2118 1131331.
691 2064 851 2137 eutropes,
869 2069 919 2121 lld.
937 2068 1013 2118 15³2.
1032 2059 1179 2135 ἆνώνυμε,
1203 2060 1348 2119 11111683.
1366 2056 1507 2131 ἆνὸνυμος

301 2161 353 2232 u)
373 2167 490 2228 133113]
509 2168 763 2237 sternutare,
785 2169 879 2233 rsaa.;
905 2168 1049 2221 1131313.
1069 2167 1165 2220 uuus

1119 2380 1417 2391 m

419 2605 689 2683 rururrrr
714 2608 1168 2685 mnuaurnuurs
1193 2610 1268 2685 nn
1294 2608 1475 2687 nocrs
1503 2605 1905 2684 cuuuuurnus
1936 2585 2146 2682 uarro.

369 2807 582 2903 Philosophi
604 2816 827 2904 digesserunt
852 2841 909 2887 res
931 2813 1108 2887 humanas
1132 2842 1255 2888 omnes
1309 2832 1344 2887 et
1373 2813 1429 2887 his
1462 2816 1662 2898 contraria,
1698 2827 1965 2907 paupertatem,
2002 2812 2300 2907 ignominiam⁴),

266 2911 538 2983 ceuinformas
560 2918 732 3009 quasdam
751 2918 915 3003 vivendi,
941 2920 1065 2989 utalia
1088 2932 1172 2989 sunt
1194 2943 1257 2987 na·
1309 2920 1473 3003 exilium,
1516 2919 1772 3001 temeritatem,
1811 2918 2043 3000 iniustitiam,
2076 2919 2219 2998 sordes,
2248 2918 2300 2984 in-

267 3024 389 3097 turae,
429 3028 469 3083 ut
492 3016 585 3101 vita,
620 3044 736 3116 mors,
767 3022 904 3101 forma;
945 3019 1055 3118 alia¹)
1077 3022 1256 3107 fortunae,
1308 3023 1582 3114 temperantiam
1597 3046 1659 3091 seu
1676 3022 1810 3090 luxum.
1862 3020 1916 3089 De
1939 3021 2186 3090 usulocorum
2206 3045 2299 3088 com-

227 3182 235 3191 ,
267 3113 347 3208 ιη’)
367 3140 470 3208 opes,
496 3119 670 3189 natalium
693 3124 882 3214 splendor,
915 3119 1122 3217 honores⁸).
1166 3124 1256 3194 xAlia
1308 3128 1472 3200 munium
1500 3124 1633 3216 optime
1657 3125 1876 3216 scripserunt
1897 3119 2112 3214 Rodolphus
2132 3122 2297 3213 Agricola

266 3218 403 3290 suntin
419 3234 540 3291 nostra
558 3236 752 3316 potestate,
779 3239 818 3297 ut
835 3227 920 3298 vitia
941 3252 983 3297 ac
998 3228 1159 3298 virtutes.
1199 3227 1256 3299 Sic
1308 3230 1347 3299 in
1369 3229 1519 3324 epistola
1541 3230 1584 3297 de
1602 3227 1742 3297 ratione
1766 3225 1897 3311 studii,
1931 3240 1966 3297 et
1981 3226 2151 3299 Erasmus
2172 3227 2212 3295 in
2232 3225 2299 3295 Co·

267 3333 302 3391 el
317 3321 356 3390 in
370 3323 518 3414 singulis
540 3329 740 3399 studiorum
763 3331 951 3421 generibus
973 3345 1057 3402 sunt
1078 3333 1255 3425 quaedam
1307 3334 1367 3425 pia
1377 3333 1428 3426 5),
1454 3331 1493 3399 in
1518 3327 1610 3399 hanc
1632 3333 1705 3400 fere
1727 3331 1953 3402 sententiam.
2014 3330 2086 3422 Qui
2107 3329 2300 3400 destinavit

265 3424 403 3516 capita,
436 3428 476 3494 in
500 3454 592 3521 quae
614 3433 739 3501 referri
765 3434 901 3518 solent,
939 3460 1031 3529 quae
1056 3447 1256 3503 tractantur
1307 3461 1373 3528 per
1390 3459 1497 3505 omne
1511 3459 1624 3525 genus,
1644 3448 1812 3503 autorum
1829 3433 1981 3502 lectione
1997 3435 2167 3523 grassari,
2199 3433 2299 3521 prius

265 3525 358 3610 illic,
384 3543 425 3599 ut
448 3531 487 3597 in
502 3528 722 3623 Theologia,
748 3536 855 3619 fides,
882 3537 1106 3620 ceremonia,
1132 3561 1256 3628 pecca·
1308 3539 1375 3608 sibi
1391 3563 1499 3634 quam
1520 3537 1693 3628 plurimos
1707 3549 1811 3630 paret
1825 3537 1935 3607 locos.
1993 3533 2063 3603 Eos
2078 3546 2197 3604 sumat
2214 3558 2300 3623 par·

183 3694 186 3699 -
266 3641 362 3745 ῑῑὶξῐυ
396 3632 434 3698 in
457 3635 534 3700 iure
558 3637 737 3728 aequitas,
768 3639 940 3721 servitus,
973 3665 1110 3731 poena,
1145 3641 1255 3711 male·
1309 3644 1373 3709 tim
1398 3668 1417 3710 a
1443 3640 1632 3731 generibus
1663 3665 1703 3708 ac
1728 3640 1889 3732 partibus
1913 3637 2079 3707 vitiorum
2102 3636 2300 3704 virtutum

265 3731 406 3814 ficrum,
441 3733 566 3818 iudex,
601 3738 813 3823 advocatus,
849 3737 962 3810 ethis
986 3741 1129 3813 similia.
1183 3740 1256 3834 Qui
1309 3767 1397 3836 que,
1422 3742 1554 3837 partim
1580 3742 1626 3811 ab
1648 3742 1746 3825 aliis,
1779 3767 1892 3836 qnae,
1924 3753 2068 3813 utente
2091 3739 2184 3821 disi,
2218 3750 2299 3806 sunt

264 3830 364 3902 volet
378 3832 487 3925 igitur
503 3838 546 3904 de
569 3840 674 3909 rebus
695 3837 862 3912 humanis
885 3856 979 3912 recte
1004 3843 1182 3929 iudicare,
1212 3845 1256 3912 il·
1307 3847 1347 3915 in
1361 3848 1468 3916 rebus
1485 3845 1694 3916 mortalium
1715 3845 1930 3937 praecipua,
1956 3856 1997 3913 ut
2012 3856 2161 3924 natura,
2188 3842 2298 3910 fortu-

265 3938 342 4011 lum
359 3950 520 4030 oportet,
546 3942 714 4036 quicquid
731 3943 898 4016 inciderit
910 3947 1004 4017 forte
1020 3948 1183 4028 fortuna,
1209 3949 1256 4014 ad
1308 3973 1377 4032 na,
1401 3951 1539 4032 fatum,
1566 3949 1776 4041 digeratque
1793 3948 1890 4018 iuxta
1915 3946 2094 4016 rafionem
2117 3942 2298 4014 affinitatis

266 4038 332 4114 lass
348 4046 699 4116 ceuformasrerum
715 4049 866 4140 exigere.
902 4048 1056 4133 Pariter,
1081 4050 1139 4119 cui
1155 4049 1256 4119 cordi
1308 4065 1343 4121 et
1356 4052 1626 4144 repugnantiae.
1679 4051 1771 4120 Nam
1796 4063 1831 4118 et
1855 4073 1947 4142 qnae
1969 4048 2064 4117 inter
2087 4072 2125 4117 se
2148 4058 2297 4136 cognata

267 4158 427 4215 estrecte
450 4149 494 4217 de
516 4150 641 4219 studiis
663 4152 841 4236 iudicare,
875 4153 976 4222 illum
1002 4165 1144 4245 oportet
1165 4153 1255 4223 tales
1307 4167 1409 4237 sunt,
1442 4155 1537 4223 ultro
1569 4157 1784 4236 admouent,
1821 4153 1906 4245 quid
1939 4163 2192 4244 consequatur.
2255 4146 2299 4214 Et

266 4249 364 4320 locos
393 4253 433 4318 iu
463 4266 653 4322 numerato
687 4249 831 4326 habere.
906 4255 998 4326 Nam
1031 4268 1173 4349 praeter
1205 4255 1254 4340 id,
1308 4257 1573 4326 contrariorum
1605 4269 1657 4326 est
1686 4259 1810 4325 eadem
1843 4254 2032 4324 memoria.
2098 4252 2214 4333 Puta,
2255 4250 2299 4318 sit

268 4354 365 4446 quod
380 4369 464 4425 sunt
479 4358 616 4427 formae
631 4383 751 4430 rerum
775 4373 809 4428 et
832 4358 996 4451 regulae,
1030 4361 1121 4429 mire
1146 4358 1254 4428 etiarn
1308 4361 1462 4453 exempli
1492 4384 1596 4432 causa
1629 4358 1767 4450 primus
1791 4359 1909 4441 locus,
1955 4357 2076 4428 Pietas
2107 4368 2142 4424 et
2174 4352 2299 4444 impie-

266 4459 479 4531 memoriam
497 4462 680 4533 adiuvant.
732 4463 832 4531 Voco
855 4462 1077 4552 igiturlocos
1095 4487 1254 4532 commu·
1306 4464 1412 4557 tas⁶).
1464 4462 1557 4532 Huic
1579 4462 1813 4533 subiicientur
1837 4459 1971 4551 species
1994 4460 2088 4526 inter
2110 4468 2148 4528 'se
2170 4479 2299 4547 cogna-

265 4584 468 4634 nesomnes
486 4565 786 4636 omniumrerum
804 4568 1041 4657 agendarum,
1067 4565 1254 4648 virtutum,
1307 4579 1376 4636 tae.
1429 4564 1552 4633 Prima
1571 4577 1624 4634 est
1638 4565 1752 4655 pietas
1777 4564 1815 4630 in
1830 4563 1968 4646 Deum,
1997 4562 2153 4631 secunda
2178 4561 2220 4626 in
2240 4582 2300 4648 pa·

266 4664 465 4749 vitiorum,
517 4668 741 4762 aliorumque
777 4669 1020 4740 communium
1055 4665 1253 4738 thematum
1306 4667 1438 4750 triam,
1465 4669 1567 4737 tertia
1583 4668 1622 4734 in
1638 4678 1805 4758 parentes
1821 4679 1883 4735 aut
1896 4665 1935 4735 in
1948 4665 2092 4746 liberos,
2115 4676 2178 4730 aut
2194 4661 2301 4729 etiam

216 4792 221 4805 “
266 4790 475 4838 communes
489 4769 642 4854 formas,
669 4797 760 4865 quae
775 4775 849 4842 fere
867 4773 905 4843 in
920 4797 1037 4855 usum,
1064 4773 1254 4866 variasque
1307 4771 1345 4839 in
1369 4796 1449 4854 eos,
1476 4796 1566 4866 quos
1590 4782 1732 4862 oportet
1754 4781 1944 4861 parentum
1964 4767 2046 4836 loco
2068 4763 2206 4846 colere,
2234 4764 2301 4829 vel-

265 4893 387 4941 rerum
409 4867 652 4944 humanarum
674 4900 715 4944 ac
739 4877 925 4947 literarum
950 4899 1073 4947 causas
1097 4874 1254 4961 incidere
1308 4876 1362 4944 uti
1399 4886 1666 4966 praeceptores,
1714 4885 1749 4941 et
1779 4896 1935 4965 quorum
1965 4868 2137 4939 beneficio
2171 4865 2303 4936 servati

175 4981 177 4985 ’
265 4990 432 5069 possunt;
459 4992 679 5073 possuntque
693 4975 953 5071 comprehendi
965 4978 1052 5048 locis
1069 5001 1257 5069 argumen·
1311 5003 1447 5047 sumus.
1496 4977 1643 5047 Accedit
1658 4978 1703 5043 ad
1724 4971 1813 5043 haec
1836 4973 2040 5065 superstitio
2050 4973 2101 5063 ¹),
2135 4969 2303 5037 adiicien-

266 5092 387 5148 torum
410 5081 555 5171 generis
577 5082 819 5165 deliberativi,
856 5093 896 5151 nt
919 5083 1123 5165 fortunam,
1159 5098 1257 5171 opes,
1314 5083 1359 5149 da
1380 5093 1432 5150 est
1449 5079 1568 5172 igitur.
1609 5082 1728 5172 Atque
1743 5073 1802 5146 hic
1817 5077 1934 5169 aperit
1947 5101 1983 5146 se
1997 5072 2192 5143 latissimus
2212 5096 2302 5140 caru·

265 5177 441 5266 honores,
480 5186 613 5270 vitam,
655 5198 832 5266 mortem,
874 5182 1065 5266 virtutem,
1100 5186 1257 5274 prudcn-
1310 5237 1508 5257 ......-,

266 5283 375 5369 fiam,
417 5285 610 5371 iustitiam,
650 5285 921 5369 liberalitatem,
968 5284 1257 5378 temperantiam,
1343 5324 1376 5391 4)
1396 5324 1600 5444 ,gqpmm
1629 5323 1672 5375 ὼ
1692 5323 1779 5375 ΕΜ
1801 5320 1895 5387 Μ,
1917 5319 2013 5384 twa
2047 5319 2100 5371 Eg
2121 5317 2199 5370 tuas.
2225 5318 2300 5383 ³3³⁰·

1377 5405 1430 5444 rsn
1453 5406 1507 5455 en,

301 5518 421 5585 113113]
437 5519 478 5569 sa
493 5517 578 5568 33111.
593 5515 687 5580 1331,
703 5513 797 5579 1333.;
820 5514 870 5569 rr.
885 5513 962 5567 1333.
978 5513 1052 5564 arus
1343 5479 1545 5599 maffiffiffi
1555 5477 1782 5598 ffimgr'ff
1789 5478 1863 5598 ,¹3⁶
1876 5477 1993 5597 gssf'm‘
2011 5475 2118 5562 cusa,
2147 5474 2305 5528 Versum

300 5619 331 5685 2)
350 5622 396 5680 ¹¹²]
416 5620 443 5668 ⁵¹¹
454 5620 505 5672 Ed.
522 5617 598 5670 ¹⁵³³·
617 5617 642 5665 ¹¹·
656 5617 676 5667 ¹·
695 5616 783 5667 deffl-
1342 5632 1373 5698 6)
1392 5636 1451 5685 flac
1469 5633 1538 5682 duee
1556 5642 1639 5683 voces
1657 5631 1686 5680 tn
1704 5632 1829 5695 merglne
1847 5630 1986 5696 repetitae
2004 5633 2077 5682 sunt.

299 5711 330 5778 t)
349 5717 493 5787 honores]
512 5718 658 5771 1131331.
677 5719 852 5839 uthqnures.
1079 5767 1085 5775 ,
1116 5799 1132 5826 0
1302 5732 1304 5737 ·
1344 5718 1545 5784 nurse-uox
1562 5715 1596 5768 tn·
1609 5727 1697 5783 marg.
1719 5717 1840 5782 repcttta
1856 5719 1910 5768 est.
