5125 6525
266 471 343 548 ω)
462 465 492 518 .·
539 487 542 494 ·
884 456 1379 533 inmanissimam
1410 455 1678 531 aaronica
2087 471 2119 520 ν
2224 464 2321 539 oos-

265 642 447 740 quaesitus
471 650 523 710 est
544 636 749 705 insedibus
774 635 906 729 ubique
928 657 947 701 a
972 632 1122 725 publicis
1150 630 1256 700 mini·
1277 672 1282 747 Ι
1305 656 1392 724 pace
1423 631 1462 699 i'n
1487 637 1682 701 tentorium
1708 655 1812 702 suum
1835 632 2082 714 mulierculas,
2125 645 2161 701 et
2191 633 2305 706 simul

265 748 359 818 stris.
410 740 472 812 llle
489 764 594 824 vero,
621 740 684 833 qui
702 749 973 829 perpetraverat
989 736 1148 817 caedem,
1172 758 1254 804 cum
1308 735 1445 804 ablatos
1468 735 1576 804 viros.
1634 731 1853 803 incitabatur
1879 747 1997 803 autem
2025 758 2045 802 a
2070 734 2303 827 quibusdam,

266 858 442 917 metueret
456 841 622 914 fossionis
645 853 770 923 notas,
804 841 933 909 iterum
958 837 1082 906 effodit
1104 839 1256 906 cadaver
1307 850 1348 906 ut
1369 838 1541 928 plecteret
1557 838 1797 927 capitaneum.
1847 834 1911 905 Ille
1929 859 2037 918 vero,
2069 848 2111 906 ut
2131 851 2211 907 erat
2235 835 2302 908 ho-

266 963 301 1021 et
316 948 460 1042 proiicit
475 947 513 1014 in
537 957 681 1037 putenm
708 945 899 1035 quendam.
950 939 1028 1009 Hoc
1049 942 1142 1009 forte
1165 938 1257 1007 vidit
1308 963 1368 1008 mo
1388 964 1542 1032 aequus,
1569 940 1772 1010 considerat
1783 964 1821 1010 se
1836 962 1913 1007 non
1927 962 2030 1029 posse
2052 940 2129 1007 iure
2153 935 2225 1010 boc
2249 943 2302 1010 la·

266 1052 396 1123 mulier
427 1062 462 1118 et
492 1048 626 1117 indicat
651 1047 809 1128 senatui,
844 1045 882 1112 in
905 1039 1000 1113 hunc
1027 1055 1175 1134 puteum
1201 1042 1256 1108 in·
1308 1065 1406 1124 cere,
1434 1055 1470 1110 et
1483 1044 1628 1111 tandem
1653 1041 1897 1113 misericordia
1916 1053 2034 1112 motus
2049 1042 2202 1111 donavit
2222 1071 2303 1114 mu-

265 1157 395 1225 iectum
418 1176 491 1223 esse
515 1153 686 1232 cadaver,
726 1159 972 1240 monstratque
1004 1147 1173 1227 domum,
1213 1166 1257 1212 ex
1307 1145 1462 1213 lierculis
1480 1146 1629 1216 maritos
1651 1159 1688 1215 et
1702 1145 1949 1237 capitaneum,
1982 1143 2210 1237 quiGuellus
2234 1171 2301 1216 no-

266 1282 337 1353 qua
367 1267 550 1346 portatum
584 1252 640 1322 sit.
707 1245 1034 1341 Comprehenditur
1063 1261 1186 1329 autor,
1222 1257 1257 1313 et
1308 1247 1532 1331 minabatur,
1558 1260 1592 1317 et
1607 1249 1691 1318 lecit
1703 1273 1784 1316 cum
1802 1247 1852 1317 eis
1869 1270 1991 1338 pacem
2010 1247 2267 1321 firmissimam.

266 1373 390 1454 postea
405 1358 443 1425 in
466 1358 567 1438 loro,
593 1358 631 1420 in
654 1352 714 1419 illa
739 1353 845 1434 sella,
873 1352 910 1419 in
935 1376 1003 1443 qua
1028 1350 1257 1418 interfecerat

266 1461 445 1542 sodalem,
475 1454 514 1549 tlt
535 1478 569 1530 et
593 1457 655 1529 mit
674 1458 832 1548 attentes
847 1453 981 1547 beugen
1005 1453 1149 1547 bestiam
1170 1470 1256 1524 uos

265 1568 337 1640 beu.
389 1561 486 1629 Ilaec
505 1573 556 1630 est
577 1559 666 1629 ultio
684 1560 819 1627 divina.

292 1683 294 1688 ⁴
368 1676 598 1749 CCLXXXII.
630 1677 713 1745 Fuit
727 1676 865 1744 Romae
882 1672 1027 1768 quidam
1044 1672 1256 1754 curtisanus,

267 1781 329 1880 qui
344 1783 402 1851 vel
420 1780 662 1872 parsimoniae
678 1779 736 1846 vel
753 1778 924 1846 avaritiae
939 1800 1044 1846 causa
1069 1774 1255 1846 interdice-

265 1888 328 1960 bat
356 1884 499 1953 samulis
531 1882 674 1965 vinum,
706 1905 857 1973 cumque
886 1903 1027 1951 servum
1060 1878 1098 1946 in
1129 1878 1253 1946 cellam

266 1988 442 2069 mitteret,
489 1998 530 2054 ut
561 1983 882 2066 vinum-afferret,
932 1983 1081 2072 cogebat
1115 2004 1255 2051 sumere

267 2116 397 2185 aquam
411 2085 454 2156 ‘in
471 2112 529 2169 os,
556 2101 611 2169 et,
638 2110 716 2155 cum
742 2085 902 2168 redibat,
929 2085 1074 2153 iubebat
1094 2107 1174 2152 eum
1199 2106 1256 2151 ex·

266 2193 394 2287 spuere
417 2214 547 2284 aquam
573 2213 693 2257 coram
716 2188 878 2257 domino.
945 2187 1080 2256 Verum
1101 2186 1256 2255 famulus

266 2294 342 2392 eius
357 2290 514 2364 babebat
528 2291 567 2360 in
584 2292 668 2361 cella
692 2315 823 2385 aquam
848 2290 885 2358 in
907 2314 990 2360 vase
1016 2289 1196 2383 quodam,
1221 2300 1257 2356 et

265 2403 447 2498 sumptam
481 2385 611 2487 aquam
646 2418 766 2463 coriam
801 2392 949 2462 domino
986 2392 1178 2483 exspuebat
1217 2390 1256 2457 in

266 2495 372 2583 della,
399 2512 434 2567 et
448 2497 593 2568 bibebat
609 2509 782 2589 quantum
799 2495 954 2578 volebat,
981 2495 1109 2563 deinde
1125 2494 1255 2563 iterum

266 2601 430 2673 sumebat
444 2599 549 2668 aliam
567 2622 698 2693 aquam
714 2599 752 2666 in
768 2597 876 2681 cella,
910 2620 1019 2691 quam
1044 2620 1165 2666 coram
1193 2596 1257 2664 do-

265 2706 365 2812 lnino
382 2702 585 2795 exspuebat.

285 2813 290 2822 ’
370 2817 615 2891 CCLXXXIII.
641 2819 727 2889 Fuit
742 2818 797 2887 vir
813 2818 940 2888 eximia
957 2818 1137 2909 probitate
1154 2825 1256 2908 prae'·

266 2917 361 2996 ditus
392 2921 573 2991 Traianus
600 2919 812 3013 Imperator.
882 2919 950 2990 Hic
983 2944 1065 2989 cum
1099 2920 1254 3015 aliquem

264 3019 449 3124 praetorio
474 3025 691 3117 praelectum
715 3025 953 3114 designasset,
995 3022 1157 3114 porrexit
1182 3022 1256 3113 gla-

247 3128 364 3199 dium
382 3127 416 3196 ei
431 3127 469 3195 in
486 3151 631 3196 manum
656 3121 713 3196 bis
730 3125 847 3196 verbis
873 3123 1021 3196 additis:
1048 3123 1159 3194 Utere
1184 3125 1256 3215 gla-

265 3232 327 3315 dio
346 3224 415 3301 boc
431 3232 601 3302 adversus
620 3226 740 3301 hostes
756 3253 855 3300 meos
877 3241 912 3298 et
932 3227 1071 3320 patriae
1094 3228 1131 3297 in
1155 3226 1256 3299 iustis

237 3324 397 3416 ,caesim
427 3333 482 3404 sin
502 3333 620 3404 minus
634 3335 729 3424 ¹iuste
747 3357 872 3424 egero,
899 3345 984 3401 tunc
1000 3330 1038 3398 in
1058 3356 1115 3400 me
1137 3330 1254 3422 ipsum

264 3424 429 3528 stringito
446 3436 617 3526 gladium.
669 3435 961 3530 Quotiescunque
976 3434 1085 3525 igitur
1098 3431 1256 3525 Impera-

264 3551 323 3623 tor
339 3534 593 3630 designabatur
605 3539 756 3630 publicis
771 3538 879 3621 notis,
905 3538 1024 3629 optari
1039 3537 1188 3620 solebat,
1215 3548 1256 3605 ut

263 3632 430 3711 felicitate
449 3653 484 3708 et
501 3640 681 3732 probitate
696 3642 858 3730 Augusto
872 3638 1033 3709 Traiano
1048 3651 1228 3734 aequaret.

510 3803 698 3898 Philippus
716 3802 1002 3900 ¹Melantlion‘¹).

368 3940 627 4014 CCLXXIIIIII.
669 3942 856 4014 Conradus
882 3939 1082 4034 Imperator
1116 3947 1255 4017 obsedit

264 4069 402 4128 arcem,
430 4071 521 4141 quae
539 4046 734 4115 vocabatur
748 4046 1010 4142 ffltnisspetgffl),
1037 4071 1111 4116 non
1129 4051 1253 4140 procul

264 4172 289 4233 a,
301 4148 417 4243 patria
438 4174 515 4218 mea
525 4147 591 4243 ⁸⁸),
617 4173 725 4242 quam
747 4174 826 4219 cum
841 4163 924 4242 post
937 4151 1081 4242 longam
1098 4152 1253 4222 obsidio·

262 4242 344 4329 it'cm
361 4252 488 4345 capere
501 4277 574 4322 non
590 4265 728 4343 posset,
755 4253 905 4343 petitum
925 4266 978 4323 est
993 4277 1012 4321 a
1031 4254 1252 4339 mulieribus,

288 4350 356 4427 uae
379 4354 417 4424 in
434 4380 515 4424 arce
540 4367 662 4438 erant,
687 4368 728 4423 ut
742 4353 943 4448 Imperator
964 4359 1176 4426 concederet
1203 4358 1252 4429 eis

262 4381 360 4527 aare
394 4456 526 4541 libere,
575 4470 610 4526 et
638 4457 744 4526 simul
778 4457 950 4552 quicquid
984 4471 1131 4551 portare
1169 4485 1251 4552 pos-

262 4572 361 4643 sent,
393 4559 500 4630 simul
525 4560 666 4628 auferre
688 4559 822 4630 liceret.
883 4558 1071 4632 Conradus
1094 4559 1252 4655 Impera·

261 4672 341 4742 tor,
363 4673 404 4729 ut
418 4674 495 4728 erat
518 4661 649 4729 virtute
674 4674 708 4729 et
730 4661 865 4753 ingenii
888 4663 1127 4755 placabilitate
1150 4690 1251 4758 prae-

261 4774 381 4847 stans,
412 4762 580 4853 promisit
598 4762 647 4833 eis
663 4764 739 4834 fore
757 4765 910 4834 liberum
935 4790 1123 4837 recessum.
1183 4767 1251 4839 Co·

261 4864 399 4957 gitabat
432 4877 551 4933 autem
586 4866 812 4938 mulierculas
842 4892 916 4939 esse
951 4869 1177 4961 perterritas,
1217 4884 1253 4941 et

260 4990 393 5059 pueros
413 4979 476 5036 aut
498 4990 581 5037 vasa
607 4982 773 5060 argentea
797 4995 871 5041 esse
892 4983 955 5040 aut
977 4970 1114 5065 aliquid
1135 4974 1251 5046 simile

261 5070 524 5161 deportaturas.
585 5069 820 5142 Mulierculae
854 5097 940 5142 vero
974 5068 1134 5146 humeris
1166 5075 1251 5147 inde

260 5172 448 5261 gestabant
464 5172 613 5245 maritos
627 5187 662 5244 et
680 5176 920 5268 capitaneum.
971 5176 1134 5271 Cumque
1155 5179 1251 5249 dela-

259 5285 336 5343 tum
367 5287 457 5346 esset
485 5278 531 5345 ad
554 5273 832 5370 Imperatorem,
867 5279 970 5350 iussit
999 5281 1125 5352 venire
1151 5284 1248 5352 salva

263 5427 466 5445 *-

293 5505 342 5572 st)
360 5507 501 5572 Philippus
517 5509 701 5568 Melanthum]
719 5509 802 5563 coda
828 5526 861 5578 φ.
880 5512 908 5560 ot

293 5590 342 5655 82)
361 5594 378 5644 t.
396 5607 420 5643 e.
439 5591 585 5658 welatbrtq

292 5677 341 5740 ΙΙ)
361 5680 422 5730 solt.
440 5681 474 5728 ab
492 5681 561 5728 urbe
579 5681 702 5729 brattea.

1412 1365 1642 1437 cehxxxv.
1676 1366 1783 1459 Apud
1799 1367 2023 1436 Herodotum
2041 1366 2171 1457 legitur
2186 1361 2300 1437 histo·

1307 1470 1360 1536 ria
1378 1470 1422 1538 de
1436 1495 1566 1553 uxore,
1592 1495 1683 1564 quae
1698 1466 1824 1541 babuit
1837 1470 1875 1537 in
1890 1453 2119 1538 carcereum
2134 1482 2300 1562 tempore

1308 1572 1478 1640 maritum
1494 1585 1530 1641 et
1544 1585 1695 1664 patrem.
1746 1571 1958 1664 Impetravit
1971 1571 2231 1670 apudpiudices,
2259 1586 2302 1643 ut

1308 1676 1520 1744 alterutrum
1537 1675 1681 1745 liberari
1696 1688 1844 1767 peteret.
1894 1672 1956 1742 Illa
1976 1669 2093 1750 Uetti
2109 1687 2299 1766 parentem

1307 1777 1411 1868 petiit
1425 1792 1461 1847 et
1482 1779 1659 1850 liberavit.
1709 1779 1878 1849 Graviter
1900 1791 2024 1869 postea
2049 1802 2069 1846 a
2092 1778 2211 1847 multis
2238 1803 2300 1845 ac-

1308 1893 1450 1964 cusata,
1476 1883 1678 1972 respondit:
1705 1882 1855 1952 Possum
1872 1875 2006 1950 babere
2028 1881 2116 1951 alios
2134 1879 2302 1965 maritos,

1307 1986 1462 2055 sednon
1480 1985 1589 2054 alium
1608 1998 1793 2076 parentem
1803 1984 1863 2080 ⁸⁸).

1410 2101 1657 2175 chxxxvt.
1700 2103 1740 2173 In
1761 2105 1883 2176 salinis
1905 2103 2090 2175 saxonicis
2110 2117 2189 2172 erat
2214 2102 2299 2172 a'nte

1309 2228 1423 2278 annos
1447 2208 1591 2298 triginta
1700 2208 1844 2277 ionator
1863 2208 1962 2299 pius,
1989 2204 2169 2275 Dominus
2183 2206 2301 2276 Geor·

1308 2310 1396 2400 gius.
1449 2310 1553 2378 Ilunc
1568 2291 1717 2401 proptdl
1734 2312 1895 2380 veritatis
1920 2309 2122 2378 doctrinam
2145 2312 2300 2379 oderant

1308 2408 1477 2481 monachi
1501 2425 1536 2482 et
1554 2416 1774 2496 sacerdotes,
1801 2425 1835 2482 et
1849 2412 2047 2504 Episcopus
2062 2410 2300 2501 Mogontinus

1307 2514 1460 2584 vocabat
1474 2541 1553 2585 eum
1581 2518 1704 2600 adse,
1731 2516 1786 2585 vel
1808 2517 1935 2606 agebat
1956 2515 2050 2584 serio
2077 2515 2134 2582 vel
2159 2514 2300 2605 placide

1309 2640 1389 2687 cum
1406 2642 1462 2702 eo,
1484 2643 1530 2686 ne
1547 2621 1637 2688 adeo
1655 2620 1824 2690 molestus
1840 2630 1931 2689 esset
1946 2611 2147 2695 monachis;
2173 2630 2298 2708 postea

1308 2720 1461 2812 benigne
1477 2722 1638 2794 dimittit.
1687 2720 1740 2791 Ibi
1761 2722 1908 2817 quidam
1934 2721 2102 2791 sacerdos
2120 2719 2221 2790 dives
2245 2721 2301 2787 in·

1308 2823 1416 2893 sidias
1431 2826 1579 2911 struxit,
1606 2839 1708 2895 curat
1723 2850 1805 2894 eum
1829 2826 1868 2893 in
1892 2824 2009 2894 reditu
2032 2825 2236 2906 observari,
2264 2836 2299 2896 et

1308 2928 1359 2995 sic
1379 2928 1556 2996 venabulo
1578 2929 1766 3000 traiicitur.
1829 2927 1891 2996 Ille
1913 2927 2121 2997 interlector
2141 2927 2300 2997 moritur

1307 3024 1490 3099 horrendo
1514 3056 1641 3121 genere
1668 3031 1815 3115 mortis,
1850 3031 2030 3103 tricesimo
2050 3031 2108 3099 die
2130 3026 2299 3120 posthoc

1306 3133 1458 3213 factum;
1499 3135 1666 3205 dicebant
1686 3160 1766 3206 eum
1790 3136 1943 3227 mugisse
1967 3134 2080 3203 instar
2100 3133 2221 3214 bovis,
2264 3145 2300 3202 et

1307 3234 1452 3329 quidem
1469 3237 1586 3308 subito
1605 3239 1778 3325 moritur,
1805 3261 1871 3307 nec
1886 3236 2052 3331 apparuit
2070 3236 2159 3306 alius
2175 3259 2298 3319 causa,

1307 3338 1380 3407 imo
1398 3342 1603 3424 constabat,
1627 3341 1806 3412 tricesimo
1822 3343 1880 3411 die
1896 3340 2011 3412 Deum
2026 3339 2072 3407 ab
2089 3339 2169 3431 ipso
2185 3341 2299 3409 ratio·

1306 3465 1388 3510 nem
1421 3444 1628 3534 postulasse.
1694 3445 1752 3516 Sic
1784 3439 1852 3514 hoc
1882 3445 1961 3514 loco
1986 3441 2084 3513 Deus
2113 3444 2299 3515 ulciscitur

1306 3547 1451 3614 caedem
1466 3545 1596 3615 factam
1615 3559 1698 3616 ante
1716 3572 1832 3617 annos
1847 3549 1915 3634 30,
1942 3546 2141 3618 tricesimus
2160 3547 2234 3615 dies
2257 3557 2299 3615 et

1307 3671 1422 3718 annus
1458 3662 1541 3718 sunt
1568 3649 1749 3749 critici⁸).
1807 3648 1893 3719 Item
1924 3651 1963 3720 in
1995 3663 2131 3742 papatu
2159 3648 2295 3718 eonsti-

1306 3763 1472 3836 tuerunt,
1512 3752 1730 3822 tricesimum
1756 3755 1851 3822 diem
1879 3767 2009 3823 vocant
2041 3759 2101 3828 oea
2128 3751 2300 3848 bretton

1306 3853 1439 3946 trabea.

1553 3987 1740 4085 Philippus
1763 3948 1975 4063 Melanthon
1984 3990 2044 4087 ⁸¹).

1407 4105 1669 4184 CCLXXXVII.
1712 4113 1842 4184 Caesar
1872 4127 1994 4185 noster
2026 4139 2107 4186 cum
2137 4113 2296 4207 graviter

1304 4210 1550 4297 decumberet,
1577 4216 1676 4284 venit
1691 4219 1737 4286 ad
1753 4241 1834 4286 eum
1844 4212 2020 4301 Marcbio,
2038 4218 2163 4288 volens
2175 4217 2294 4307 ipsum

1304 4315 1483 4384 consolari
1510 4318 1695 4412 inquiens:
1738 4318 1895 4390 Domine
1918 4318 2141 4413 Imperator,
2181 4331 2296 4390 estote

1303 4417 1400 4488 bono
1425 4419 1568 4505 animo,
1607 4445 1671 4492 vos
1693 4416 1832 4494 habetis
1854 4424 1984 4494 multas
2006 4424 2170 4508 divitias’,
2204 4424 2297 4492 bene

1304 4521 1451 4612 potestis
1470 4545 1600 4612 parare
1620 4526 1870 4596 medicamina.
1924 4524 2296 4619 llesponditlmpera·

1303 4635 1379 4693 tor:
1404 4621 1483 4695 ach
1504 4649 1577 4694 uon
1599 4640 1650 4699 est
1674 4628 1772 4698 aliud
1796 4630 1995 4700 remedium
2017 4629 2134 4701 nostri
2155 4629 2296 4700 doloris

1303 4729 1387 4802 teas
1402 4725 1529 4803 betta
1544 4735 1632 4806 taab
1649 4728 1825 4825 ldtteibett,
1854 4733 1948 4803 idem
1963 4734 2037 4804 lere
2054 4758 2095 4803 ac
2111 4733 2142 4805 si
2157 4732 2299 4802 diceret

1303 4831 1414 4922 gtbsslt
1431 4834 1496 4905 bttb
1512 4835 1686 4925 bngtbtilt,
1713 4849 1749 4905 et
1764 4839 1857 4906 lerre
1874 4849 2043 4906 ettamen
2057 4835 2188 4921 sentire
2209 4856 2294 4903 cru·

1303 4935 1432 5015 clatus,
1465 4935 1595 5004 sentire
1617 4936 1654 5003 in
1676 4937 1736 5006 illa
1768 4939 1844 5031 ipsa
1875 4939 2112 5032 temperantia
2137 4949 2295 5007 naturae

1303 5034 1525 5106 aversionem
1542 5051 1595 5109 est
1613 5039 1737 5131 exigua
1757 5041 1942 5134 patientia.

1404 5136 1681 5231 CCLXXXVIII.
1721 5143 1806 5214 Fuit
1837 5144 1985 5240 quidam
2019 5138 2220 5214 monachus
2255 5143 2295 5212 in

1302 5253 1480 5311 conventu
1488 5240 1661 5336 Spirensi,
1676 5248 1739 5340 qui
1746 5244 1793 5343 ⁸⁸)
1809 5247 2058 5339 praedicabat:
2085 5247 2163 5340 Ego
2177 5247 2294 5316 liben-

1335 5440 1384 5506 te)
1404 5444 1478 5493 tasso
1494 5441 1611 5495 btstortr
1628 5445 1693 5496 orta
1709 5457 1776 5496 essa
1793 5445 1902 5496 rttetur
1930 5459 1966 5497 ar
1984 5444 2047 5509 tlte,
2074 5455 2143 5511 quse
2168 5447 2204 5496 et
2234 5447 2295 5498 tte·

1370 5512 1469 5562 rodoto
1488 5513 1508 5564 1.
1524 5513 1567 5561 ΙΙΙ.
1585 5525 1609 5564 ο.
1626 5516 1684 5567 tu.
1703 5517 1845 5567 narretur.

1333 5594 1383 5655 85)
1401 5595 1508 5656 crlttct]
1526 5596 1609 5650 Gon:
1633 5600 1773 5649 crltlrtse.²

1333 5679 1382 5748 8)
1400 5683 1463 5746 qnl]
1480 5683 1565 5736 cot:
1589 5697 1650 5736 ωι
