5125 6525
265 448 341 523 447
646 436 775 513 rull..
802 436 921 512 MEL.
948 435 1152 509 scalpra
1180 431 1442 509 lilSTORlCA
1466 433 1533 505 ET
1560 433 1927 510 Guooaaefllca·
2225 441 2331 535 448,

366 617 528 686 Tmou
544 629 665 695 MONS,
690 635 752 682 seu
771 610 965 703 puritatem
983 611 1169 701 significat,
1195 636 1257 681 seu
1415 608 1561 691 Zlnott,
1586 605 1729 678 Nomen
1746 603 1873 679 habuit
1887 633 1907 677 a
1923 609 1996 678 filio
2016 609 2185 695 Canaan,
2212 615 2312 685 utin

263 721 464 794 mutatione
480 718 617 810 primae
633 716 757 785 literae
772 714 996 796 umbilicum,
1023 714 1107 807 quia
1126 714 1259 804 eminet
1311 710 1428 802 capite
1458 710 1597 779 decimo
1626 711 1774 782 Genesis
1801 713 2063 804 scriptumest.
2123 715 2311 806 Significat

263 828 302 895 io
327 824 402 894 eius
424 820 581 912 regionis
598 819 769 911 planitie,
796 818 894 885 velut
911 816 1112 887 umbilicus.
1164 815 1257 888 Nam
1311 826 1431 883 autem
1450 812 1568 881 Zidon
1589 816 1830 885 venationem.
1882 814 2008 884 Deleta
2025 817 2071 884 ab
2086 814 2204 904 Ocho,
2227 845 2310 913 rege

264 927 417 999 altitudo
433 937 485 994 est
498 924 697 993 stadiorum
716 919 861 1011 triginta
873 972 896 1002 ,.
908 931 943 987 et
960 920 1155 990 cacuminis
1174 944 1256 989 area
1310 916 1517 998 Persarum,
1539 916 1698 1009 quicum
1715 942 1794 986 eam
1809 918 2016 1009 proditione
2033 920 2196 1010 cepisset,
2218 926 2310 995 mul-

263 1032 479 1102 diametrum
497 1020 607 1095 habet
625 1024 823 1093 stadiorum
839 1022 913 1090 iere
930 1022 1069 1114 viginti.
1144 1067 1149 1076 -
1310 1019 1428 1088 titudo
1456 1017 1531 1109 ipsa
1556 1019 1683 1087 urbem
1708 1020 1887 1103 incendit,
1915 1035 1950 1090 et
1972 1023 2161 1114 perierunt
2187 1026 2309 1097 incen-

364 1130 589 1210 ΒΕΤΗΑΝΙΔ,
615 1127 754 1196 Domus
778 1125 1003 1195 obedientiae
1022 1126 1078 1192 vel
1096 1124 1259 1193 afflictio·
1311 1121 1370 1189 dio
1395 1122 1536 1189 circiter
1559 1123 1796 1214 quadraginta
1815 1124 1926 1193 millia
1944 1120 2147 1197 hominum.
2201 1128 2307 1199 Talia

262 1236 341 1318 nis,
384 1234 457 1303 sive
487 1234 616 1299 domus
644 1230 781 1319 gratiae
805 1227 977 1311 Domini,
1010 1228 1073 1297 ubi
1096 1223 1258 1297 Christus
1311 1248 1524 1315 magnarum
1553 1237 1589 1292 et
1613 1227 1964 1316 opulentissimarum
1988 1230 2132 1298 urbium
2158 1233 2308 1317 excidia,

150 1330 158 1345 ⁵
262 1362 364 1411 suam
389 1335 565 1403 infinitam
591 1335 789 1424 potentiam
814 1331 944 1401 illustri
966 1330 1173 1400 testimonio
1198 1331 1257 1398 de·
1310 1341 1394 1397 sunt
1417 1326 1570 1418 insignia
1593 1328 1796 1397 testimonia
1814 1331 1891 1398 irae
1906 1330 1975 1398 Dei
1990 1335 2160 1404 adversus
2174 1337 2307 1404 scelera

264 1438 433 1519 claravit,
460 1450 628 1505 revocato
653 1436 691 1502 in
712 1436 822 1502 vitam
840 1432 980 1503 Lazaro
996 1448 1079 1502 ante
1097 1434 1256 1503 triduum
1310 1426 1520 1511 hominurn,
1553 1441 1589 1497 et
1612 1445 1780 1514 monent,
1814 1457 1859 1501 ne
1881 1459 2032 1524 magnae
2055 1449 2091 1505 et
2112 1439 2307 1527 opulentae

263 1541 430 1612 extincto.
484 1538 624 1607 Mentio
647 1532 753 1607 huius
777 1533 1037 1611 helisabet.
1064 1536 1257 1607 Marc.11.
1310 1534 1416 1602 urbes
1448 1533 1658 1623 indulgeant
1684 1535 1804 1619 luxui,
1840 1538 2049 1622 ambitioni,
2083 1539 2308 1625 libidinibus,
2341 1547 2343 1552 ’

267 1645 326 1717 14,
352 1641 637 1714 103ss11‚11,12,
1310 1635 1518 1726 rapacitati,
1552 1635 1794 1708 existimantes
1819 1664 1855 1708 se
1878 1639 2027 1732 impune
2052 1658 2197 1733 peccare
2221 1669 2309 1735 pro-

364 1746 491 1826 Nalm,
524 1744 657 1825 idest,
683 1764 848 1812 amoena.
899 1736 1062 1811 Christus
1083 1765 1102 1809 e
1125 1740 1257 1832 Caper·
1309 1751 1389 1829 pter
1404 1738 1617 1828 potentiam.
1695 1763 1708 1832 '.

261 1873 373 1918 naum
397 1848 516 1915 exiens
535 1844 879 1936 ingrediturNaim,
907 1857 942 1912 et
955 1844 992 1911 in
1010 1856 1114 1935 porta
1134 1843 1257 1912 civita·
1412 1839 1569 1923 TYRUs,
1609 1841 1752 1911 colonia
1784 1843 1873 1927 fuit,
1907 1847 2059 1915 deducta
2089 1871 2132 1916 ex
2157 1846 2307 1921 Sidone.

262 1952 308 2022 tis
321 1950 466 2020 unicum
483 1950 611 2018 viduae
628 1948 740 2018 filium
757 1972 776 2014 a
795 1947 946 2016 mortuis
965 1947 1114 2030 excitat,
1141 1959 1177 2015 et
1194 1948 1257 2015 do·
1308 1940 1453 2013 Nomen
1473 1939 1655 2012 Ebraeum
1680 1959 1733 2014 est
1754 1946 1845 2029 Zor‚
1871 1948 1909 2016 id
1931 1962 2001 2032 est,
2028 1951 2192 2033 rebellis,
2221 1954 2304 2045 quia

260 2054 377 2124 lorem
400 2053 609 2145 luctumque
634 2052 763 2120 viduae
784 2050 823 2117 iu
839 2051 1097 2119 iucunditatem
1116 2063 1152 2119 et
1172 2074 1257 2140 gau·
1310 2045 1478 2113 credibile
1510 2058 1563 2116 est
1592 2060 1732 2136 partem
1762 2049 1893 2118 civium
1923 2076 1966 2119 ex
1990 2052 2124 2122 Sidone
2156 2068 2305 2146 propter

261 2157 362 2227 dium
382 2156 570 2225 convertit,
691 2211 692 2216 ,
1308 2147 1522 2219 seditionem
1556 2148 1664 2217 aliam
1699 2153 1818 2220 sedem
1853 2154 1893 2220 in
1927 2154 2048 2223 littore
2076 2158 2304 2248 quaesivisse.
2339 2161 2343 2168 ’

363 2256 656 2337 ΒΔιΜΑΝυΤΗΑ,
684 2253 720 2321 id
746 2267 817 2337 est,
845 2278 1045 2345 pauperum
1067 2249 1256 2336 habitatio,
1308 2248 1411 2319 Hanc
1436 2252 1642 2320 Alexander
1675 2268 1757 2345 post
1788 2256 2011 2326 obsidionem
2039 2272 2179 2350 septem
2205 2285 2303 2330 meu-

261 2385 397 2430 nomen
421 2360 637 2428 conveniens
656 2355 848 2427 Ecclesiae.
900 2355 942 2426 ln
959 2352 1051 2426 hanc
1070 2357 1254 2447 regionem
1308 2352 1401 2423 sium
1432 2354 1668 2445 expugnavit,
1708 2358 1893 2429 trucidatis
1915 2373 2050 2451 septem
2075 2363 2236 2435 millibus
2257 2367 2303 2434 ci-

262 2463 362 2532 venit
389 2458 550 2531 Christus
583 2486 663 2529 cum
697 2459 881 2550 discipulis
914 2460 1006 2542 suis,
1044 2454 1175 2530 Mattlr.
1196 2459 1255 2531 16.
1308 2455 1428 2537 vium,
1456 2470 1490 2525 et
1510 2456 1638 2526 deinde
1656 2461 1797 2531 duobus
1814 2462 1970 2533 millibus
1984 2466 2230 2555 strangulatis.

261 2566 375 2636 Marc,
391 2564 427 2633 8,
1411 2557 1508 2628 Haec
1539 2560 1737 2630 tristissima
1765 2564 1899 2633 excidia
1922 2568 2076 2637 duarum
2099 2569 2301 2639 vicinarum

364 2665 621 2746 BETHABARA,
663 2662 845 2753 Significat
883 2665 1031 2732 domum
1073 2664 1255 2734 transitus.
1308 2661 1472 2747 urbium,
1500 2688 1592 2756 quae
1616 2665 1798 2754 opulentia
1823 2680 1859 2735 et
1882 2671 2019 2740 artibus
2041 2672 2115 2739 lere
2134 2676 2302 2744 omnibus

260 2769 316 2841 Eo
335 2768 430 2837 enim
448 2769 528 2835 loco
541 2768 676 2836 divisae
696 2789 811 2859 aquae
827 2762 989 2835 lordanis
1006 2778 1124 2848 tutum
1140 2781 1256 2837 trans·
1308 2765 1457 2834 urbibus
1491 2766 1530 2833 iu
1565 2779 1641 2835 toto
1678 2770 1763 2837 orbe
1800 2783 1977 2841 terrarum
2006 2776 2303 2860 antecelluerunt,

260 2872 352 2941 itum
375 2867 500 2939 losuae
529 2881 564 2937 et
588 2870 655 2937 toti
671 2868 806 2960 populo
822 2865 1016 2937 Israelitico
1033 2893 1097 2959 per
1114 2870 1254 2939 alveum
1308 2867 1485 2957 praed-ixit
1512 2867 1658 2953 Esaias,
1698 2873 1760 2964 qui
1788 2876 2006 2944 nominatim
2033 2878 2084 2944 ait
2106 2879 2237 2948 ducem
2262 2903 2303 2949 ex

261 2973 421 3044 fluminis
445 2973 707 3064 praebuerunt,
740 2970 807 3039 los.
826 2968 913 3043 Sl.
972 2971 1040 3039 Hic
1062 2972 1257 3062 baptizavit
1309 2965 1443 3038 Cithim
1460 2972 1699 3041 adventurum
1716 2999 1789 3046 esse
1806 2977 1852 3043 ad
1867 2976 2018 3069 Tyrum.
2071 2969 2302 3051 Suntautem

261 3073 415 3148 loannes
440 3072 621 3145 Christum
652 3087 687 3143 et
716 3073 891 3165 plurimos
919 3073 1019 3144 alios.
1072 3070 1202 3148 Matth.
1219 3072 1254 3147 5.
1309 3069 1441 3142 Cithim
1458 3074 1686 3146 Macedones.
1738 3076 1786 3146 Et
1806 3102 1941 3148 nomen
1967 3078 2100 3151 Cithim
2125 3084 2303 3175 significat

260 3179 383 3256 Huius·
396 3179 466 3247 loci
482 3190 667 3271 praeterea
689 3177 855 3245 meminit
868 3175 1022 3247 loannes
1042 3178 1074 3249 1.
1089 3180 1125 3250 3.
1144 3189 1179 3245 et
1196 3179 1254 3250 10.
1308 3200 1544 3283 percussores.

364 3281 600 3365 DEGAPOLIS,
627 3281 770 3351 Nomen
794 3292 847 3351 est
866 3281 1023 3373 regionis
1040 3281 1079 3350 in
1097 3295 1254 3352 extrema
1370 3329 1373 3337 ·
1411 3277 1593 3352 lottDAMs
1617 3283 1654 3350 in
1675 3282 1855 3354 radicibus
1867 3284 1998 3355 Libani
2017 3288 2156 3373 oritur,
2183 3303 2220 3361 et
2240 3286 2302 3360 ha·
2324 3343 2328 3348 -

262 3411 328 3456 ora
348 3381 572 3455 Phoenicum
598 3397 633 3453 et
651 3385 856 3467 Galilaeae,
887 3408 980 3477 quae
1004 3386 1110 3456 urbes
1132 3387 1253 3457 decem
1307 3383 1369 3450 bet
1390 3383 1480 3453 duos
1502 3387 1639 3469 sontes,
1665 3411 1778 3456 unum
1800 3389 1949 3458 nomine
1970 3388 2051 3474 lor,
2078 3393 2303 3485 quodsigni·

262 3488 531 3580 complectitur,
564 3512 653 3580 quas
676 3488 915 3559 etiamsinon
941 3512 1088 3579 prorsus
1112 3491 1252 3557 easdem
1307 3486 1389 3554 licat
1402 3486 1582 3571 rivulum,
1605 3502 1641 3556 et
1657 3490 1807 3559 alterum
1825 3493 1971 3562 nomine
1987 3492 2082 3565 Dan.
2130 3495 2181 3564 Hi
2194 3497 2302 3568 simul

259 3594 414 3662 recitant
445 3591 656 3680 scriptores,
692 3604 813 3658 tamen
834 3590 982 3664 ,vicinae
1008 3591 1254 3662 nominantur.
1307 3587 1429 3671 mixti,
1454 3588 1618 3662 lordonis
1634 3617 1769 3663 nomen
1785 3595 1970 3667 efficiunt'

259 3692 396 3787 Estque
414 3695 513 3780 regio
532 3693 626 3759 inter
640 3691 857 3762 Damascum
881 3706 916 3760 et
930 3693 1122 3776 Sidonem,
1148 3707 1184 3762 et
1203 3693 1255 3762 la·
1409 3692 1689 3778 GENESARETH,
1724 3694 1840 3766 Lacus
1873 3712 1925 3768 est
1957 3698 2232 3790 limpidissimus
2254 3717 2301 3772 -et

260 3819 342 3865 eum
360 3790 605 3875 Geuezaretlr,
632 3807 667 3862 et
684 3793 894 3865 Caesaream
910 3790 1082 3885 Philippi.
1306 3793 1465 3885 piscosus
1498 3797 1537 3864 in
1572 3798 1752 3882 Galilaea,
1788 3824 1922 3869 nomeu
1957 3797 2065 3871 habet
2097 3828 2118 3871 a
2147 3804 2300 3876 viciniae

363 3897 591 3978 DAMASCUS,
617 3894 737 3965 Distat
757 3920 777 3963 a
801 3894 1021 3989 lerosolyma
1040 3898 1254 3987 germanicis
1307 3898 1536 3969 amoenitate.
1588 3899 1682 3971 Nam
1698 3902 1858 3971 Genesar
1878 3902 2299 3999 diciturbortusprinci-

259 3998 503 4090 miliaribus⁶)
527 3999 932 4090 quadragintaduobus.
975 3997 1253 4097 Breitenbach⁰)
1307 4001 1373 4091 pis.
1433 4001 1575 4071 Dicitur
1600 4016 1636 4072 et
1659 4005 1744 4075 urbs
1766 4006 1880 4074 vicina
1906 4021 1940 4076 et
1964 4008 2062 4077 lacus
2086 4008 2298 4082 Cineretha

258 4104 424 4176 scribita
449 4100 667 4194 lerosolyma
691 4104 735 4170 ad
757 4101 974 4172 Damascum
1002 4127 1076 4173 esse
1100 4104 1169 4175 iter
1193 4130 1254 4174 sex
1305 4104 1430 4195 ligura.
1482 4105 1576 4175 Nam
1594 4104 1762 4177 Cinereth
1778 4109 1954 4199 significat
1970 4105 2156 4195 citharam.

259 4207 420 4286 dierum3
466 4205 574 4276 situm
611 4205 731 4274 tabula
767 4206 923 4275 ostendit
957 4206 996 4273 in
1028 4206 1251 4279 Antilibano.
1408 4207 1621 4292 (inaltant,
1648 4210 1685 4278 id
1699 4224 1762 4295 est,
1787 4213 1902 4296 limes,
1924 4212 2200 4304 regioinlimite
2213 4213 2299 4286 sita.

258 4309 354 4380 Urbs
397 4320 449 4378 est
491 4308 750 4390 vetustissima,
792 4308 829 4374 in
872 4333 942 4402 qua
978 4333 1073 4378 nunc
1108 4336 1252 4405 quoque
1302 4306 1309 4320 ’
1408 4308 1611 4395 GfflENNA,
1635 4312 2093 4400 dictaestaGeHiunom,
2119 4317 2299 4411 quaeluit

257 4437 389 4505 magna
411 4411 543 4480 civium
566 4412 767 4504 frequentia
790 4423 861 4497 est,
889 4425 924 4480 et
937 4413 1058 4502 magni
1075 4427 1252 4483 mercatus
1305 4411 1408 4482 vallis
1430 4413 1470 4481 iu
1495 4413 1592 4484 tribu
1616 4415 1828 4502 Beniamin,
1870 4420 1931 4489 ubi
1953 4421 2046 4488 facta
2077 4433 2163 4491 sunt
2185 4421 2297 4512 impia

257 4528 353 4588 sunt.
404 4514 652 4606 Etymologias
668 4515 730 4582 alii
748 4513 836 4583 alias
851 4528 1047 4608 quaerunt,
1075 4541 1140 4608 ego
1158 4513 1252 4586 banc
1303 4515 1496 4606 sacrificia,
1522 4516 1561 4583 iu
1579 4519 1708 4611 quibus
1723 4521 1876 4593 infantes
1894 4523 2041 4591 cremati
2056 4536 2151 4593 suut.
2204 4524 2296 4593 Pro·

257 4617 418 4699 retineo,
445 4617 636 4707 Sanguinis
658 4643 797 4701 saccus,
825 4619 908 4711 quia
926 4630 1026 4688 vetus
1044 4620 1167 4709 opinio
1187 4633 1251 4704 est,
1305 4632 1384 4710 pter
1399 4613 1493 4686 hanc
1510 4621 1734 4691 atrocitatem
1752 4627 1964 4694 translatum
1982 4639 2035 4695 est
2050 4650 2186 4695 nomen
2201 4638 2295 4717 post·

259 4720 297 4787 in
322 4743 360 4788 ea
383 4718 529 4807 regione
550 4719 774 4789 interfectum
799 4745 872 4790 esse
889 4720 992 4793 Abel.
1045 4721 1147 4792 Certe
1166 4748 1252 4792 con·
1305 4746 1345 4790 ea
1369 4724 1416 4790 ad
1438 4723 1583 4792 inferos.
1622 4723 1806 4817 Significat
1821 4729 2008 4798 antem-Ge
2032 4728 2183 4812 vallem,
2211 4730 2295 4797 llin-

257 4834 467 4894 sentaneum
492 4834 564 4905 est,
590 4823 726 4915 primos
749 4836 867 4914 patres
889 4824 989 4893 illam
1011 4824 1181 4895 viciniam
1200 4839 1252 4896 te·
1303 4850 1390 4894 nom
1417 4825 1649 4915 spoliatorem
1673 4854 1735 4899 seu
1762 4831 2030 4916 insidiatorem,
2061 4834 2124 4906 &in
2147 4834 2296 4918 unstrot,

257 4926 389 5001 unisse.
465 4970 467 4974 ψ
1305 4929 1354 5000 eiu
1372 4927 1602 5016 uerteretur.

1406 5029 1594 5115 Emmaus,
1628 5048 1750 5124 postea
1783 5036 1968 5129 Nicopolis
1999 5038 2093 5106 dicta
2126 5050 2193 5108 est.
2252 5036 2292 5107 Et

1304 5132 1445 5203 videtur
1469 5131 1557 5204 mihi
1583 5131 1671 5206 baec
1687 5162 1812 5230 graeca
1832 5140 2026 5233 appellatio
2044 5140 2291 5232 interpretatio

291 5243 511 5304 amarioribus]
531 5242 581 5290 Ed·
601 5241 855 5307 ¹³⁸⁰·r0rr0rtm2
879 5244 1055 5297 milliaribus
1303 5260 1377 5307 esse
1399 5238 1563 5308 vocabuli
1584 5238 1778 5326 Emmaus,
1811 5245 1908 5336 quod
1933 5243 2109 5333 siguificat
2143 5258 2293 5312 matrem

290 5327 1252 5462 ⁶³tl‘t.tl⁶ll·l.tl;..llt‘3llta{zttlllllllalat:
1302 5339 1524 5411 f⁰fl¹¹¹¹d¹¹¹¹⁸
1546 5366 1609 5411 ⁸⁰¹¹
1629 5357 1820 5429 v¹⁶t⁰r1202
1848 5371 1889 5416 ³0
1912 5360 2016 5439 tyrus
2033 5360 2086 5418 ea
2103 5346 2294 5430 Ecdeme,

324 5469 381 5519 lau
405 5471 488 5530 etque
513 5467 541 5514 in
565 5469 684 5516 montem
703 5467 780 5518 steret
804 5471 839 5518 ao
862 5471 954 5519 dinem
972 5471 1110 5534 virginem
1128 5477 1254 5525 etmar-
1303 5466 1395 5536 quae
1416 5455 1469 5513 θδῑ
1493 5445 1639 5530 Victrix,
1667 5449 1750 5541 quid
1774 5448 1948 5519 filiusDei
1966 5464 2206 5535 semitam,
2232 5473 2294 5521 net

325 5533 1254 5675 {tzzlsltl'tllbl’stlta?¹ll..lzttlalalt⁹ltlt⁶l
1301 5557 1387 5617 ⁸¹⁰¹¹
1402 5570 1480 5616 ‘³¹¹¹
1497 5572 1517 5616 ³
1533 5561 1697 5641 ΨΜ
1711 5552 1834 5624 Neri·
1868 5552 1942 5622 Ali
1958 5553 2293 5645 ⁵³¹⁰¹Pffl³fi⁰¹¹⁰⁰¹

326 5686 388 5723 aun
405 5686 456 5739 per
474 5673 586 5725 Petrum
603 5675 711 5742 Draot,
732 5674 819 5728 elren
838 5677 1008 5743 sptrenaen.
1028 5680 1105 5733 1⁶⁰2.
1124 5682 1185 5735 rot
1301 5649 1546 5737 tradidefflssls
1581 5652 1700 5725 Mater
1720 5655 1881 5741 ⁶⁰⁰³lffis
1908 5659 2007 5752 qu⁰d
2028 5657 2138 5727 ellam
2161 5659 2211 5728 ad
2228 5656 2293 5729 Et>

266 5116 477 5134 ffl-
