5125 6525
88 516 92 526 ι
177 475 200 508 h

608 391 614 402 e

366 473 443 552 m
716 529 759 548 q.
822 537 829 542 .

244 3976 258 3987 ·
370 3959 532 4019 scuutur.

651 185 736 322 ..M

420 645 488 715 Hic
502 641 669 724 bombix,
740 636 798 708 hic
812 640 914 709 varix
1018 640 1206 713 Horatius:
1233 639 1362 709 Varice

421 744 479 817 hic
500 746 645 828 sandix,
741 739 799 812 hic
816 744 954 834 spadix.
1053 743 1208 815 succiso.

775 878 935 967 'Excipez

422 998 510 1070 haec
528 999 667 1083 cervix,
693 994 780 1067 haec
799 997 944 1090 perdix,
970 993 1058 1068 haec
1075 998 1185 1083 lodix,

421 1099 510 1172 haec
526 1103 669 1186 cornix,
693 1095 781 1170 haec
796 1100 903 1183 salix,
928 1096 1017 1170 haec
1035 1102 1149 1185 radix,
1176 1097 1263 1171 haec
1276 1102 1362 1173 filix.

459 1239 503 1312 ll.
530 1238 757 1332 Polysyllaba
777 1237 971 1307 foeminina
989 1252 1092 1321 sunt,
1116 1251 1159 1309 ut

422 1340 511 1413 haec
529 1341 692 1423 cicatrix,
719 1336 808 1409 haec
823 1340 1013 1424 coxendix,
1040 1336 1128 1410 haec
1145 1342 1336 1433 appendix.

669 1474 728 1546 Sic
745 1489 779 1545 et
796 1476 1065 1568 monosyllaba:

527 1575 615 1648 haec
629 1579 737 1660 strix,
892 1574 980 1647 haec
997 1577 1070 1649 nix'.

686 1713 765 1785 OX.
977 1713 1055 1785 UX.
1140 1711 1143 1718 ’

476 1832 596 1916 lnox,
623 1848 768 1911 utnox;
811 1858 876 1915 ux,
912 1847 949 1903 ut
971 1859 1065 1917 nux,
1100 1836 1202 1919 lanx,
1236 1835 1362 1905 foemi-

373 1936 458 2004 nina
479 1947 574 2006 sunt.

578 2068 647 2140 BS.
828 2071 898 2143 NS.
1087 2072 1159 2144 RS.

475 2186 579 2280 Quae
596 2188 734 2258 duabus
749 2191 1029 2262 consonantibus
1047 2191 1196 2273 liniunt,
1223 2192 1363 2281 generis

374 2288 562 2358 foeminini
578 2300 682 2372 sunt,

476 2387 564 2461 haec
580 2415 657 2475 ars,
683 2387 772 2462 haec
789 2393 882 2477 calx,
910 2391 997 2465 haec
1011 2420 1124 2479 mens,
1150 2391 1238 2466 haec
1250 2396 1362 2489 plebs.

373 2510 519 2582 Veteres
533 2523 571 2580 et
585 2508 672 2582 haec
687 2512 807 2603 plebes
822 2513 997 2605 singulari
1008 2539 1161 2586 numero
1185 2518 1361 2590 dicebant.

423 2610 511 2683 haec
527 2637 622 2698 sors,
675 2610 763 2685 haec
777 2640 896 2699 mors,
949 2611 1038 2687 haec
1056 2620 1157 2710 glans

421 2710 511 2786 haec
527 2718 645 2801 trabs,
749 2717 894 2789 Veteres
912 2721 1042 2791 trabes.

304 2869 307 2874 -
423 2814 510 2887 haer
526 2820 618 2911 puls.

653 2938 785 3031 Excipe
810 2943 1026 3022 masculina,
1053 2957 1093 3014 ut

425 3054 484 3127 hic
507 3083 611 3129 mons
714 3056 773 3128 hic
788 3084 881 3152 pons
984 3058 1042 3132 hic
1063 3066 1143 3136 fons

422 3156 483 3229 hic
499 3162 587 3230 dens
712 3158 771 3232 hic
787 3187 885 3255 seps,
981 3163 1179 3239 vulnificus
1193 3193 1284 3261 seps.

473 3280 593 3352 Dubia
615 3295 718 3367 sunt,
743 3285 863 3367 irone,
890 3287 1032 3370 scrobs,
1058 3288 1186 3380 stirps,
1220 3293 1281 3361 sed
1303 3316 1362 3382 ge·

373 3408 458 3455 nere
473 3385 672 3455 foeminino
687 3387 851 3459 usitatius
868 3388 1077 3462 efferuntur.

655 3517 811 3614 Chalybs
830 3524 1079 3597 masculinum.
1386 3529 1390 3575 ¹

372 3643 491 3732 Adeps
509 3641 680 3724 dubium,
707 3642 769 3710 sed
783 3642 979 3739 megenliue
995 3646 1068 3713 fere
1085 3646 1242 3719 effertur.

472 3740 628 3833 Forceps
643 3743 892 3814 masculinnm.

475 3843 659 3914 Adiectiva
704 3869 746 3913 ex
788 3847 920 3936 regulis
961 3850 1187 3937 generalibus
1214 3838 1390 3970 ¹cogno-l

526 4048 619 4119 Sons
773 4047 955 4146 lusons⁰¹)

526 4151 735 4242 Municeps,
774 4151 955 4239 Concors,
992 4154 1149 4229 Discors.

752 4305 988 4379 Numeri

526 4425 744 4518 Singularis,
779 4438 819 4496 ut
844 4421 903 4495 hic
927 4427 1070 4500 Caesar.

526 4528 681 4599 Pluralis
778 4541 819 4598 ut
846 4523 882 4597 hi
912 4529 1093 4605 Caesares.

475 4649 599 4742 Neque
621 4648 676 4716 vel
692 4648 806 4731 ratio,
835 4649 889 4718 vel
907 4674 989 4720 usus
1013 4665 1128 4734 vetat,
1156 4667 1191 4722 et
1213 4658 1360 4747 propria

371 4751 520 4821 nomina
537 4749 724 4843 pluraliter
738 4752 876 4835 efferri,
903 4766 944 4822 ut
959 4750 996 4822 hi
1014 4749 1175 4846 Philippi
1186 4753 1245 4852 ⁰).

762 4903 967 4996 Figurae.

472 5022 650 5115 Simplex,
676 5037 716 5094 ut
731 5037 845 5116 aptus.
898 5023 1126 5116 Composita,
1152 5037 1192 5093 ut
1207 5023 1360 5117 ineptus.

377 5183 581 5198 ’.ι-ιι.-

405 5259 454 5326 tt)
471 5257 586 5327 luscus]
606 5261 648 5311 sto
664 5263 742 5312 recte
755 5261 838 5311 naret.
854 5260 946 5323 tm,
966 5272 989 5309 s.
1006 5269 1050 5320 a.;
1075 5259 1158 5309 nuce.
1177 5260 1263 5323 1526,
1284 5262 1359 5317 1529.
1385 5302 1388 5344 i

442 5331 542 5381 Pisone
1386 5355 1388 5396 Ι

405 5419 455 5477 ta)
471 5417 567 5478 Neque
585 5417 630 5465 vel
651 5440 679 5450 -
700 5414 842 5477 Philippi]
864 5425 913 5476 pro
930 5413 990 5476 his,
1016 5411 1290 5479 nutu.1oss.,s.e
1309 5416 1361 5467 ha·
1385 5462 1388 5476 ,

440 5488 519 5537 bent:
546 5483 660 5545 Quidem
685 5482 825 5532 subtlltter
849 5481 1007 5547 disputent,
1040 5482 1152 5545 proprie
1177 5482 1289 5535 romine
1312 5495 1360 5535 cu·
1385 5502 1388 5524 2

441 5567 506 5606 rere
523 5553 626 5616 plurali
643 5563 773 5615 numero,
790 5551 933 5614 quievere
944 5549 1086 5614 proprium
1104 5562 1202 5603 nomeu
1220 5553 1288 5603 illud
1305 5555 1360 5617 est,

441 5622 513 5687 quod
532 5633 587 5672 non
605 5619 743 5682 significet
759 5619 870 5670 multos.
921 5620 976 5670 Sed
999 5631 1069 5670 usus
1093 5619 1189 5670 tribuit
1205 5621 1247 5672 sis
1265 5621 1361 5685 plure-

442 5695 497 5741 len
515 5701 674 5752 numerum,
700 5692 729 5737 ut
746 5687 835 5738 Febll.
1383 5689 1387 5732 .'

1386 4329 1390 4497 l

949 475 1074 551 eun.
1106 477 1221 551 rann.
1256 474 1462 551 scalers
1493 468 1833 588 rnnonocrca
2332 469 2411 549 ser

1554 637 1848 707 rc'obseruandae
1869 648 1954 707 sunt
1980 636 2265 710 adolescentibus
2287 638 2411 709 litera-

1416 762 1497 809 rum
1523 739 1760 824 mutationes,
1787 752 1828 810 ut
1851 740 2007 822 amicus,
2042 740 2221 810 inimicus.
2272 740 2410 813 Verum

1417 841 1455 908 in
1470 840 1589 911 verbis
1610 842 1833 935 frequentius
1856 855 2042 913 mutantur
2064 843 2208 926 literae,
2236 869 2344 937 quam
2368 844 2410 914 in

1415 943 1637 1013 nominibus.

1519 1042 1772 1137 Decomposita
1801 1043 2049 1139 quidamfesse
2073 1047 2242 1117 dixerunt
2257 1049 2409 1116 nomina

1416 1170 1437 1214 a
1467 1146 1585 1217 verbis
1609 1148 1818 1241 compositis
1844 1160 1949 1231 nata,
1990 1161 2031 1240 ut
2058 1150 2295 1241 experientia,
2335 1152 2410 1221 sul·

1414 1249 1581 1341 fragium.
1643 1327 1645 1330 v
1771 1282 1777 1288 ·

1785 1367 1926 1441 Casus
1952 1395 2040 1441 sex.

1517 1486 1551 1559 N
1560 1487 1861 1573 ominativus,
1887 1491 2006 1581 prima
2022 1512 2092 1559 vox
2108 1502 2173 1572 est,
2200 1513 2271 1582 qua
2288 1491 2409 1560 nomi·

1415 1613 1544 1660 namu}
1563 1612 1653 1661 rem.
1943 1633 1988 1688 gg...
2184 1619 2188 1626 '

1517 1692 1784 1776 Genitivus,
1825 1716 1902 1764 non
1924 1683 2022 1786 qirod
2046 1716 2147 1764 casus
2166 1693 2308 1784 gignat,
2344 1696 2409 1767 sed

1416 1796 1513 1889 quod
1540 1807 1751 1865 coutamur
1776 1794 2009 1887 interrogati,
2049 1795 2149 1866 cuins
2173 1796 2229 1865 vel
2258 1795 2408 1887 originis

1414 1899 1472 1968 vel
1486 1898 1698 1989 possessoris
1713 1899 1848 1982 cessit,
1875 1912 1915 1969 ut
1929 1899 2028 1970 cuius
2046 1910 2099 1970 est
2109 1896 2225 1968 liber?
2263 1896 2408 1969 Cicero·

1414 2002 1483 2073 nis.
1529 1998 1639 2072 Cuius
1653 2013 1707 2071 est
1723 2000 1816 2073 lilius
1829 2000 2044 2074 Africanus?
2077 2000 2185 2072 Pauli
2198 1999 2356 2074 Aemilii.

1516 2100 1579 2171 Da
1592 2103 1731 2187 tivus,
1759 2106 1858 2198 quod
1873 2128 1915 2174 eo
1931 2116 2077 2174 utamur
2094 2102 2324 2174 attribuendo
2342 2103 2408 2173 ali-

1416 2206 1505 2299 quid
1520 2205 1688 2299 cuipiam.

1516 2307 1837 2391 Accusativus,
1857 2332 1929 2402 quo
1945 2306 2093 2390 utimur,
2114 2331 2195 2376 cum
2210 2329 2406 2397 personam

1415 2423 1478 2480 aut
1492 2410 1624 2507 rem⁰“)
1640 2413 1750 2481 verbo
1768 2409 1993 2493 subiicimus,
2018 2420 2079 2499 ut,
2104 2409 2182 2499 lego
2194 2407 2406 2499 ¹Virgilium.

1517 2513 1786 2596 vocativus,
1812 2538 1885 2607 quo
1900 2535 2084 2584 vocamus.

1516 2617 1781 2699 Ablativus,
1816 2641 1888 2710 quo
1908 2613 2065 2699 utimur,
2092 2639 2172 2683 cum
2193 2614 2326 2683 auferri
2341 2614 2406 2681 ali·

1415 2716 1502 2810 quid
1517 2719 1769 2811 significamus.
1821 2717 1955 2813 Estque
1971 2713 2029 2787 hic
2046 2740 2147 2787 casus
2160 2714 2297 2787 Latinis
2320 2739 2406 2806 pro·

1414 2819 1526 2909 prius.
1578 2821 1707 2891 Graeci
1725 2822 1821 2889 enim
1839 2819 2104 2890 ablativosnou
2121 2814 2268 2888 habent.
2318 2816 2403 2888 ldeo

1414 2922 1651 2994 Grammatici
1664 2947 1900 3016 nonunquam
1911 2920 2081 2993 Latinum
2100 2945 2218 2993 casum
2236 2935 2378 2990 vocant.

1694 3075 2129 3144 orcnr'uarrours

1773 3189 1857 3250 suut
1877 3176 2049 3274 quinque.

1804 3317 2015 3403 Prima.

1517 3449 1777 3542 complectitur
1791 3463 1949 3545 quatuor
1968 3448 2258 3533 terminationes,
2285 3473 2326 3532 a,
2354 3474 2403 3534 as,

1414 3576 1469 3636 es,
1496 3577 1527 3624 e.
1568 3551 1686 3623 Porro
1701 3553 1842 3623 Graeca
1856 3565 1940 3624 sunt
1955 3551 2098 3636 omnia,
2125 3576 2217 3647 quae
2234 3579 2271 3622 as
2289 3567 2352 3623 aut
2366 3578 2403 3624 es

1414 3668 1477 3725 aut
1494 3680 1512 3724 e
1529 3656 1677 3739 finiunt,
1704 3680 1780 3725 uon
1797 3652 1947 3739 Latina,
1975 3667 2182 3750 veteresque
2199 3655 2321 3726 omnia
2338 3680 2403 3748 per

1415 3780 1434 3825 a
1454 3759 1660 3843 efferebant,
1687 3758 1925 3854 dicebantque
1941 3782 2010 3850 pro
2023 3755 2208 3843 Anchises,
2234 3755 2404 3831 Anchisa.
2467 3776 2473 3792 ’

1761 3893 2047 3984 Paradigma.

1784 4012 2032 4102 Singulariter.

1721 4112 1809 4185 haec
1825 4114 1928 4185 Musa

1721 4214 1829 4288 huius
1849 4217 1974 4288 Musae

1720 4317 1805 4392 huic
1826 4320 1951 4390 Musae

1722 4421 1816 4493 banc
1839 4421 1980 4493 Musam

1688 4566 1690 4571 ·
1723 4552 1744 4595 o
1766 4524 1870 4595 Musa

1720 4629 1765 4696 ab
1787 4623 1853 4696 hac
1870 4627 1986 4698 Musa.

1776 4746 1982 4817 Pluraliter.

1720 4848 1787 4920 hae
1812 4848 1937 4920 Musae

1721 4950 1850 5023 harum
1874 4953 2060 5023 Musarum

1721 5052 1776 5127 his
1798 5055 1912 5129 Musis

1720 5156 1785 5230 has
1807 5159 1930 5231 Musas

1723 5289 1745 5333 o
1765 5260 1948 5356 Musae⁶)

1721 5367 1766 5433 ab
1789 5361 1845 5436 his
1864 5363 1989 5435 Musis.

1446 5532 1497 5592 ⁶8)
1515 5535 1563 5581 sut
1580 5534 1655 5591 rem]
1673 5530 1715 5580 stc
1732 5527 1816 5580 natet.
1833 5527 1927 5595 lun,
1946 5542 1969 5579 s.
1988 5538 2032 5590 a.;
2058 5527 2092 5576 eb
2109 5523 2304 5590 nucereto,
2324 5522 2403 5575 teet.

1480 5602 1548 5651 brec
1563 5601 1672 5651 absum.

1445 5685 1496 5746 ar)
1514 5685 1565 5737 aa
1581 5686 1682 5739 vous
1701 5685 1771 5748 pne
1790 5687 1825 5734 aa
1845 5683 1932 5738 raas
1947 5682 2040 5748 ress,
2060 5682 2134 5734 asse.
2157 5684 2246 5733 osse.

1542 5792 1643 5949 ‘ti
