5125 6525
391 541 466 622 aaa
1015 534 1139 612 eun.
1164 475 1511 621 uun.'snmara
1535 530 1806 608 nonomen
2355 531 2436 617 aas

292 801 295 805 Ι
392 712 623 788 busderisus.
658 708 743 781 Fuit
759 711 967 802 operculum
986 709 1134 801 dignum
1149 709 1295 800 patella,
1319 710 1387 785 (titt
1543 703 1665 777 XLIII.
1703 705 1805 800 Papa
1838 708 2022 801 quondam
2053 705 2142 777 dixit
2169 709 2215 777 ad
2237 707 2439 783 Bemhum:

394 813 494 910 [ottho
512 814 643 885 solutio
663 812 860 908 gebottottt
871 814 939 888 elne
955 811 1054 908 [atelle
1069 810 1303 906 Dilputctlott.
1441 808 1645 895 OBembe,
1675 811 1809 894 nescis,
1842 823 1977 904 quanta
2001 810 2061 878 illa
2084 810 2206 881 tabula
2231 815 2274 882 de
2292 808 2439 887 Christo

497 913 653 987 XXXIX.
688 916 880 1010 Cambyses
896 942 976 987 curn
996 921 1272 988 essetducturus
1288 940 1388 985 soro·
1441 913 1546 982 nobis
1564 912 1765 1005 profuerit?
1838 935 1842 948 ·

396 1045 492 1100 rem,
515 1019 751 1109 interrogavit
767 1021 987 1103 sacerdotes,
1012 1044 1095 1088 nam
1113 1019 1181 1107 sihi
1196 1019 1390 1101 metuebat,
1544 1012 1682 1085 XLllII.
1717 1013 1921 1086 Fridericus
1942 1014 2026 1085 Dux
2051 1014 2229 1100 saxoniae
2260 1042 2344 1089 cum
2374 1019 2438 1094 ali·

397 1124 452 1194 cui
467 1124 733 1216 responderunt
750 1124 952 1193 sacerdotes
971 1120 1145 1194 dicentes:
1168 1122 1282 1194 Nobis
1297 1124 1390 1191 duae
1443 1120 1589 1213 quando
1615 1119 1804 1189 dissereret
1828 1144 1907 1190 cum
1930 1120 2076 1189 doctore
2098 1114 2331 1211 Theologiae·
2355 1135 2437 1193 ante

256 1303 266 1314 „
396 1239 479 1299 sunt
496 1227 606 1320 leges:
629 1249 713 1308 una,
728 1225 909 1295 neminem
925 1226 1054 1296 dehere
1068 1228 1197 1296 ducere
1213 1249 1391 1308 sororem,
1444 1245 1583 1305 arcem,
1606 1222 1699 1291 forte
1717 1224 1861 1293 fortuna
1879 1222 1970 1292 vidit
1988 1222 2079 1292 duos
2096 1224 2292 1295 cucullatos
2308 1226 2439 1298 tratres

397 1331 508 1400 altera
526 1353 626 1410 vero,
653 1341 693 1398 ut
707 1352 771 1397 rex
786 1328 916 1413 faciat,
940 1330 1182 1424 quodcunque
1196 1328 1353 1398 libuerit.
1443 1324 1660 1417 praeterire,
1687 1326 1816 1419 quibus
1838 1350 1972 1396 nomen
1996 1338 2048 1396 est
2068 1324 2276 1397 Minoritae.
2334 1328 2441 1421 Quos

500 1430 639 1502 XXXX.
665 1430 826 1502 *Sanctus
839 1431 1059 1521 Augustinus
1083 1457 1163 1501 cum
1185 1430 1284 1501 illam
1307 1454 1391 1499 con·
1445 1452 1525 1498 cum
1542 1428 1709 1512 vidisset,
1736 1431 1833 1524 quod
1857 1441 2023 1521 gererent
2045 1428 2162 1520 lignea
2182 1430 2441 1518 calceamenta,

396 1535 573 1605 fusionem
594 1546 628 1603 et
643 1528 833 1605 schismata
853 1534 892 1603 in
905 1533 1063 1604 Ecclesia
1082 1534 1240 1617 videret,
1266 1532 1392 1603 videli·
1444 1530 1680 1622 interrogavit
1697 1533 1902 1619 doctorem,
1928 1532 2068 1604 dicens:
2097 1530 2153 1602 Ex
2167 1533 2268 1627 quali
2283 1534 2385 1625 ligno
2401 1530 2439 1606 bi

396 1649 452 1707 cet
482 1639 580 1732 quod
613 1638 837 1729 expellebant
858 1650 1019 1729 pastores
1044 1636 1204 1733 aliosque
1228 1636 1392 1729 impone·
1445 1634 1554 1703 calcei
1570 1635 1721 1703 conlecti
1744 1634 1853 1706 sunt?
1903 1634 1953 1705 At
1975 1661 2056 1706 curn
2081 1634 2141 1704 ille
2165 1638 2439 1724 obmutesceret,

394 1738 572 1837 bant¹⁸·),
598 1740 726 1830 petivit
739 1740 884 1808 tandem
902 1740 982 1809 lieri
1002 1742 1182 1809 decretum
1202 1764 1221 1808 a
1239 1738 1392 1810 Caesare
1446 1749 1481 1806 et
1502 1737 1556 1805 illi
1586 1761 1661 1805 non
1690 1750 1912 1822 occurreret,
1952 1739 2038 1833 quid
2061 1741 2312 1831 responderet,
2352 1753 2440 1812 tunc

396 1855 520 1938 postea
545 1842 687 1925 statim,
728 1841 781 1911 illi
802 1841 872 1911 fuit
903 1843 1102 1927 obiectum,
1140 1837 1391 1935 schismata¹⁰)
1444 1839 1612 1931 prorupit
1629 1839 1668 1910 in
1683 1834 1772 1910 haec
1788 1842 1916 1910 verba:
1940 1838 2170 1933 EsMagister
2182 1843 2219 1911 in
2229 1837 2378 1928 Israhel,
2396 1857 2442 1913 -et

396 1945 498 2015 nullo
518 1946 628 2013 modo
651 1968 725 2015 esse
748 1945 956 2037 expellenda
980 1945 1090 2016 armis
1107 1944 1289 2030 Caesaris,
1313 1943 1392 2041 qui·
1442 1938 1533 2012 haec
1552 1941 1723 2035 ignoras?
1758 1945 1909 2014 addens:
1942 1942 2038 2015 llaec
2055 1945 2293 2017 calceamenta
2311 1957 2439 2039 parata

396 2047 465 2119 bus
487 2047 675 2140 respondit
696 2046 933 2140 Augustinus:
967 2047 1051 2120 Non
1074 2049 1186 2141 petivi
1207 2052 1390 2119 decretum
1444 2057 1528 2117 sunt
1552 2069 1595 2116 ex
1617 2047 1705 2129 fico,
1747 2050 1803 2117 cui
1828 2047 2012 2117 maledixit
2036 2046 2133 2118 Iesus
2156 2049 2297 2121 dicens:
2330 2073 2438 2120 nemo

398 2150 476 2221 lieri
493 2162 618 2220 contra
635 2145 825 2221 schismata
835 2149 901 2247 ¹⁹),
927 2154 990 2223 sed
1006 2165 1133 2242 contra
1149 2152 1321 2224 latrones.
1446 2148 1565 2242 captat
1584 2149 1738 2220 fructum
1751 2161 1803 2221 'ex
1826 2165 1861 2221 te
1884 2151 1921 2219 in
1947 2150 2219 2244 sempiternum.
2274 2151 2439 2223 Pruden-

500 2251 592 2324 XLI.
629 2252 801 2347 Princeps
825 2245 1209 2348 Meckelburgemi‘set
1227 2254 1393 2326 Henbur·
1446 2251 1603 2323 tissimus
1620 2251 1786 2345 princeps
1801 2250 1869 2324 hac
1895 2254 2129 2347 responsione
2152 2256 2353 2348 siguificare
2376 2280 2439 2325 vo-

399 2355 528 2450 gensis,
550 2381 629 2427 cum
647 2355 694 2427 D.
713 2356 764 2427 M.
779 2352 961 2430 Lutherus
973 2361 1072 2448 apud
1082 2356 1167 2430 illos
1175 2358 1313 2444 fitisset,
1338 2357 1394 2425 in·
1445 2356 1513 2426 luit
1529 2350 1578 2447 hy
1605 2355 1737 2425 ocrisin
1752 2369 1786 2426 et
1801 2382 1926 2427 eorum
1941 2357 2139 2427 interitum.

400 2457 487 2548 cipit
508 2460 673 2554 princeps
693 2458 1032 2557 Henburgensis”):
1066 2461 1112 2533 D.
1134 2460 1293 2547 Doctor,
1317 2462 1393 2537 {Ele
1547 2379 1654 2527 XXV.
1681 2457 1832 2529 Decimo
1848 2462 1977 2555 quinto
1992 2462 2050 2530 die
2061 2460 2195 2553 Aprilis
2211 2483 2310 2530 anno
2325 2456 2439 2535 1558.

398 2561 492 2657 gclytt
517 2567 553 2635 eb
573 2579 641 2653 att,
673 2565 737 2636 aas
758 2565 823 2639 ttlc
849 2566 946 2658 algelt
968 2568 1030 2638 tas
1052 2564 1207 2660 bractea,
1240 2567 1304 2641 aaa
1327 2572 1394 2640 aaa
1445 2551 1644 2652 Episcopus
1659 2553 1911 2659 Arotauniffl)
1925 2562 2254 2660 durqueFranciae
2270 2565 2439 2636 traiectus

398 2684 453 2740 titt
485 2659 695 2759 Ῐῴεδῐίῷβεη
724 2661 782 2756 ill,
823 2672 889 2743 tttb
921 2672 984 2742 aaa
1007 2670 1070 2742 tea
1094 2670 1170 2743 toll
1191 2667 1224 2758 lo
1251 2671 1315 2765 bct
1342 2664 1394 2758 iit.
1447 2676 1499 2734 est
1516 2665 1623 2755 globo
1643 2676 1677 2733 et
1704 2667 1793 2736 obiit
1817 2679 1852 2735 et
1879 2668 1985 2739 simul
2007 2691 2078 2738 sex.
2131 2667 2361 2740 lloctacinos
2375 2691 2441 2762 pa·

394 2763 600 2858 Respondit
614 2764 814 2841 Lutherus:
850 2769 899 2853 31
924 2768 1046 2864 factm
1072 2768 1146 2860 [out
1172 2776 1274 2865 berga
1298 2772 1394 2866 tion.
1447 2779 1581 2837 tratum
1601 2781 1654 2839 est
1670 2768 1825 2841 instante
1842 2765 1932 2839 hora
1950 2771 2088 2839 decima
2107 2770 2146 2840 in
2162 2767 2354 2862 horologio
2372 2770 2440 2842 mi·

394 2867 587 2940 Heinricus
604 2871 770 2965 princeps
786 2873 935 2966 incepit:
961 2874 1027 2950 Qo
1043 2876 1106 2948 tois
1120 2877 1202 2969 beta
1218 2878 1269 2949 nit
1284 2879 1394 2972 hatten
1445 2870 1542 2940 nori.
1608 2871 1700 2943 Nam
1733 2884 1924 2968 postquam
1949 2897 2029 2944 curn
2054 2873 2127 2945 suis
2150 2876 2374 2946 senatoribus
2401 2873 2441 2942 in

395 2975 506 3064 totam
539 2971 638 3064 ibeo,
681 2982 717 3049 et
741 2993 809 3050 uec
834 2973 937 3072 tregit
968 2977 1153 3073 obpongen.
1218 2976 1395 3048 Videlicet
1447 2971 1832 3068 Grammatophytacio
1849 2975 1898 3072 ¹¹)
1933 2976 2072 3071 aliquas
2100 2972 2210 3049 horas
2238 2976 2278 3046 in
2307 2999 2441 3069 cogno·

397 3073 550 3147 Malitia.
1326 3099 1329 3108 ·
1448 3076 1585 3147 scendis
1603 3079 1754 3162 caussis,
1780 3080 1908 3150 dandis
1922 3080 2157 3175 petendisque
2179 3080 2338 3151 consiliis
2356 3104 2441 3149 con·

501 3173 609 3250 XLII.
654 3179 727 3251 Sub
750 3179 882 3252 Carolo
902 3179 1198 3275 Burgundiorum
1230 3182 1394 3278 principe
1447 3180 1654 3271 sumpsisset
1677 3204 1868 3279 arcemque
1891 3207 2014 3254 versus
2034 3184 2107 3252 iam
2132 3184 2199 3253 iter
2220 3184 2442 3267 tetendisset,

396 3280 505 3365 luitis
520 3282 679 3354 nobilem
695 3284 836 3381 ierunt⁸
862 3285 926 3382 qui
943 3280 1083 3357 hostem
1107 3287 1145 3356 in
1167 3311 1268 3359 suam
1293 3301 1395 3381 pote·
1447 3296 1588 3375 tempus
1605 3284 1700 3353 enim
1718 3287 1881 3359 sumendi
1900 3287 2044 3381 prandii
2060 3299 2156 3370 erat,
2181 3286 2232 3355 ibi
2251 3286 2289 3354 in
2310 3286 2371 3354 via
2394 3287 2441 3356 ad

399 3397 527 3457 statem
544 3389 742 3480 redegerat.
794 3386 910 3460 Huius
927 3389 1085 3460 coniunx
1100 3416 1137 3461 se
1153 3391 1249 3461 illico
1266 3394 1313 3461 ad
1328 3416 1395 3462 no-
1446 3385 1602 3457 radlcem
1621 3388 1775 3474 montis,
1801 3391 1990 3485 improvisi
2005 3403 2040 3461 et
2059 3391 2212 3459 inermes
2228 3413 2249 3457 a
2266 3402 2442 3484 quatuor·

397 3488 507 3558 bilem
540 3492 711 3576 contulit,
752 3484 956 3586 supplicans
979 3492 1048 3564 'sibi
1075 3506 1115 3563 ut
1145 3492 1395 3566 restitueretur
1446 3489 1559 3559 decim
1577 3488 1756 3583 equitibus
1776 3494 1893 3562 adorti
1915 3506 2017 3578 sunt,
2054 3490 2118 3588 qui
2139 3493 2207 3564 sibi
2230 3492 2441 3563 bombardis

395 3591 569 3676 maritus,
595 3619 632 3665 se
647 3619 826 3665 summam
841 3596 1033 3687 pecuniae,
1057 3621 1165 3690 quam
1182 3599 1393 3689 postularet,
1447 3592 1581 3687 optime
1603 3609 1880 3686 prospexerant,
1920 3595 2037 3667 induti
2060 3597 2178 3688 longis
2203 3596 2340 3688 palliis,
2376 3594 2440 3690 qui

397 3696 566 3765 daturam
581 3721 655 3766 esse
672 3709 794 3768 sancte
810 3700 1023 3770 affirmabat.
1066 3698 1202 3769 Verum
1218 3701 1393 3793 pessimus
1443 3696 1612 3789 protinus
1645 3699 1809 3770 extractis
1838 3699 2047 3770 bombardis
2083 3699 2121 3766 in
2149 3697 2369 3791 Episcopum
2405 3710 2441 3767 et

398 3791 512 3866 homo
526 3811 612 3867 tunc
624 3799 780 3897 denique
793 3801 1042 3871 restituturum
1052 3802 1224 3872 maritum
1240 3803 1393 3896 promit·
1445 3812 1528 3870 snos
1543 3799 1690 3870 comites
1708 3802 1993 3898 invaserunt⁸¹),
2019 3814 2054 3871 et
2070 3803 2190 3873 nullus
2208 3801 2319 3873 evasit
2333 3822 2439 3892 prae-

397 3900 518 3981 tebat‚
545 3900 672 3971 sicum
690 3903 752 3972 illo
770 3904 1002 3975 adulteretur.
1041 3903 1300 3978 Honestissima
1317 3931 1392 3977 ma·
1445 3915 1609 3996 terquam
1639 3905 1770 3975 nobilis
1798 3906 1957 3989 iuvenis,
1993 3904 2057 3999 qui
2088 3906 2267 3995 aufugisse
2298 3902 2439 3975 dicitur.

339 4079 342 4084 ¹
397 4013 506 4071 trona
525 4003 591 4075 etsi
614 4016 712 4089 erat,
739 4018 861 4076 tamen
882 4007 1060 4077 redimere
1084 4008 1254 4080 maritum
1279 4011 1392 4081 mari·
1444 4004 1593 4100 Equites
1616 4028 1701 4075 vero
1724 4003 1794 4077 hoc
1816 4022 1959 4100 patrato
1983 4010 2117 4105 absque
2145 4009 2345 4080 offensione
2369 4005 2439 4075 dis·

397 4102 549 4197 strepere
572 4107 748 4201 cupiebat.
806 4110 964 4182 Accessit
983 4111 1106 4206 itaque
1131 4113 1322 4198 maritum,
1357 4126 1393 4184 et
1444 4120 1636 4180 cesserunt.

397 4203 493 4278 hanc
507 4212 733 4304 tyrannicam
751 4236 874 4283 vocem
888 4214 1021 4286 nobilis
1035 4216 1225 4289 recensuit.
1257 4218 1392 4310 Captus
1488 4280 1490 4285 ,
1547 4207 1688 4283 XLVI.-
1710 4211 1858 4285 Nobiles
1889 4212 2059 4284 Laconici
2085 4215 2242 4282 feceram
2272 4211 2341 4279 iter
2371 4232 2440 4300 per

307 4331 315 4341 '
396 4336 462 4406 spe
484 4313 660 4386 libertatis
682 4315 901 4408 potiundae,
939 4318 1005 4389 etsi
1035 4317 1224 4411 indignum
1252 4321 1392 4391 lacinus
1444 4313 1656 4398 Leuctram,
1698 4330 1733 4384 et
1761 4312 1988 4408 hospitaliter
2013 4341 2034 4385 a
2056 4317 2210 4388 Scedaso
2224 4312 2272 4408 ¹)
2299 4313 2440 4404 accepti

395 4416 477 4489 tore
495 4432 673 4503 cerneret,
699 4431 822 4490 tamen
840 4422 1042 4502 annuebat;
1073 4427 1136 4493 sed
1159 4423 1231 4493 iam
1255 4423 1392 4493 adulte·
1445 4429 1549 4500 sunt,
1571 4430 1692 4509 postea
1711 4422 1874 4502 redeunt,
1895 4432 1930 4490 et
1944 4414 2075 4511 hospes
2093 4443 2168 4488 non
2187 4419 2324 4501 aderat,
2349 4440 2439 4511 qua·

396 4521 460 4590 rio·
477 4536 685 4615 perpetrato
707 4524 895 4594 maledicta
916 4522 1028 4595 hestia
1060 4538 1203 4618 captum
1231 4525 1392 4595 truncari
1444 4532 1595 4613 propter
1611 4516 1837 4612 hospitaliter
1859 4547 1878 4591 a
1901 4523 2042 4594 filiabus
2061 4534 2146 4595 sunt
2166 4521 2321 4613 accepti,
2349 4541 2438 4614 quas

395 4622 521 4707 iussit,
545 4638 580 4695 et
594 4627 748 4695 cadaver
763 4629 945 4700 adulterae
958 4628 1127 4699 reddidit.
1178 4630 1227 4696 At
1244 4628 1305 4698 illa
1322 4640 1393 4700 sta·
1445 4624 1639 4706 vitiarunt,
1679 4637 1714 4694 et
1744 4637 1866 4716 postea
1898 4627 2143 4697 dissecuerunt
2164 4625 2266 4693 acin
2289 4632 2436 4716 putenm

370 4724 465 4797 ‚tim
482 4728 618 4796 accedit
632 4727 822 4817 Carolum,
839 4745 956 4828 ¹atque
969 4732 1022 4801 illi
1039 4743 1152 4801 totam
1168 4755 1245 4800 rem
1265 4732 1392 4802 ordine
1445 4727 1686 4819 proiecerunt.
1754 4727 1904 4820 Hospite
1933 4732 2124 4813 redeunte,
2167 4728 2258 4798 filias
2280 4749 2358 4795 non
2381 4724 2438 4791 in·

399 4843 600 4901 enumerat.
651 4831 942 4926 sapientissimus
956 4847 1075 4905 autem
1090 4835 1257 4928 princeps
1279 4836 1392 4905 conti·
1445 4830 1562 4912 venit,
1585 4833 1729 4900 tandem
1749 4844 1973 4903 monstrante
1989 4852 2095 4917 cane,
2121 4834 2160 4900 in
2176 4842 2285 4922 puteo
2301 4826 2438 4897 invenlt

397 4956 475 5002 ntro
484 4936 682 5020 mandavit,
697 4939 743 5007 ad
753 4962 790 5010 se
805 4935 994 5010 moechum
1009 4948 1050 5006 nt
1064 4950 1247 5022 vocarent,
1266 4952 1391 5031 postea
1444 4933 1544 5016 illas,
1570 4934 1709 5026 sepeliit
1727 4947 1762 5003 et
1777 4935 1875 5005 venit
1891 4937 2058 5027 Spartam
2067 4933 2114 5030 ²⁸)
2131 4946 2276 5026 petens,
2308 4942 2349 5000 ut
2369 4953 2439 5021 pu·
2471 4974 2478 4986 -

397 5037 433 5107 ei
448 5036 623 5122 iniunxit,
650 5043 851 5112 utviduam
870 5041 970 5109 illam
993 5039 1032 5108 in
1053 5060 1203 5110 uxorem
1228 5044 1337 5112 ducat
1358 5054 1392 5111 et
1445 5037 1630 5119 nitentur,
1664 5038 1727 5107 sed
1749 5037 1808 5106 ille
1831 5050 1972 5110 tantum
1995 5040 2062 5110 luit
2085 5038 2229 5116 irritus?
2269 5058 2356 5103 mm
2379 5032 2438 5102 llll

394 5134 468 5211 hoe
496 5155 603 5234 paeto
633 5146 822 5237 pristinam
850 5140 1058 5236 pudicitiam
1085 5145 1392 5216 mulierculae're·
1445 5139 1559 5207 multo
1575 5152 1678 5209 erant
1696 5142 1918 5231 potentiores
1943 5143 2026 5225 illo,
2053 5154 2089 5210 et
2106 5163 2237 5231 magna
2253 5159 2375 5230 pugna
2393 5136 2436 5204 ad

399 5256 544 5319 stauret.
591 5247 721 5319 Finitis
735 5270 821 5316 vero
836 5244 971 5337 nuptiis
988 5245 1147 5316 nobilem
1160 5249 1292 5318 ultimo
1309 5273 1392 5340 sup·
1444 5238 1671 5334 sepulchrum
1689 5244 1831 5315 illarum
1848 5246 2028 5337 virginum
2045 5246 2137 5313 lacta
2155 5255 2220 5313 cst.

396 5348 506 5443 plicia
522 5351 617 5422 affici
631 5360 753 5421 severe
767 5349 953 5419 mandavit
969 5362 1004 5420 et
1019 5349 1057 5419 in
1071 5351 1311 5442 possessiones
1325 5374 1392 5420 no-
1444 5384 1661 5395 ····-----

397 5452 480 5526 ggqis
494 5456 592 5522 inam
610 5452 797 5521 collocavit
1476 5442 1545 5502 2⁰⁸)
1563 5443 1698 5494 Arotaunt
1716 5443 1748 5503 (i.
1764 5457 1788 5493 e.
1808 5440 1929 5509 Arium]
1948 5442 2034 5496 cod:
2059 5439 2193 5493 Arctsnnt

799 5503 809 5522 ⁶
1476 5508 1847 5579 21)Grannatoptytscto]
1867 5512 1951 5563 Coa:
1980 5507 2281 5575 flmnrtopttnststio

401 5590 623 5619 Μ’·
1476 5580 1527 5640 n)
1544 5583 1724 5642 invaserunt]
1743 5583 1826 5633 cod:
1849 5583 1989 5632 urserunt

436 5650 501 5718 tet)
519 5646 695 5708 inponebant
728 5646 810 5700 coda:
835 5649 1009 5711 inponerent
1415 5698 1419 5720 ,
1454 5651 1528 5712 Ἰ)
1544 5650 1786 5713 mul-cote
1814 5650 1964 5709 medrus.
1982 5654 2034 5691 -'
2058 5650 2141 5707 conti
2159 5644 2301 5701 Plutarchi
2317 5644 2442 5697 ustor.

436 5716 482 5785 19)
500 5711 664 5783 naono]
742 5731 765 5772 ,ε
792 5717 927 5768 soban
1416 5734 1418 5765 ι
1510 5721 1629 5770 westt.
1645 5718 1691 5771 ttt.

394 5780 1157 5881 ,wlffltttsscutsltlsthta-Mflbstmds
1277 5820 1281 5827 ·
1415 5778 1419 5833 ἰ
1476 5783 2004 5855 14)8ιιιι1ιι]·(ἶοῦ.τ11111111ιιΙ
