5125 6525
216 371 344 530 'soa
453 509 460 520 .
849 431 1008 512 ,auru
1036 428 1149 502 unu.
1178 424 1384 526 scutum
1412 420 1680 496 rnsrourca.
1971 421 2017 482 a·
2085 415 2126 490 ,a
2227 415 2313 495 &a

260 618 339 710 Ego
354 642 433 687 sum
450 615 642 684 damnatus
661 609 827 702 spiritus,
858 622 893 678 et
917 620 968 677 est
986 599 1075 676 mihi
1099 598 1169 671 hoc
1191 602 1254 670 do·
1307 586 1379 692 gno
1391 609 1538 689 sumptu
1552 596 1596 665 de
1610 597 1708 666 bono
1725 592 1859 663 lamine
1871 592 1963 676 auri,
1978 593 2168 686 quoderat
2182 594 2308 685 magni

260 720 435 794 micilium
452 717 668 788 destinatum
686 738 798 807 usque
820 714 865 780 ad
888 707 1123 779 novissimum
1146 705 1254 775 diem.
1307 701 1426 795 pretii.
1478 699 1636 770 Veniens
1652 699 1782 768 deinde
1799 699 1836 765 in
1852 709 2035 779 senatum,
2062 696 2308 787 interrogatus

261 826 389 897 Postea
409 821 567 890 avolavit
587 832 622 888 et
638 818 822 887 clamavit:
851 815 949 908 Cteig
965 812 1063 904 &mig
1078 811 1176 902 (ittig
1193 808 1254 881 uic
1308 808 1395 899 quid
1411 804 1479 874 sibi
1496 803 1582 870 velit
1603 803 1668 871 iste
1693 799 1860 880 vestitus,
1888 799 2092 889 respondit:
2130 801 2217 875 Rea
2243 804 2309 875 bob

264 922 493 1018 tuugistbut!
545 920 605 991 Isti
624 915 869 1013 perterrefacti
892 916 1033 986 domini
1056 914 1201 982 iverunt
1220 922 1257 978 et
1309 905 1530 1000 (turguit,
1556 903 1590 993 Ῐῠ
1608 904 1885 996 istessuiledgtit.
1935 899 1988 969 lta
2006 903 2133 973 derisit
2146 900 2309 996 Impera·

263 1039 460 1121 coeperunt
476 1038 661 1115 aegrotare
679 1048 721 1093 ex
737 1018 1047 1100 consternatione,
1083 1029 1118 1085 et
1143 1011 1257 1106 aliqui
1309 1026 1445 1094 torem,
1476 1012 1538 1080 sed
1560 1009 1627 1078 luit
1650 1007 1848 1077 Sardonius
1868 1005 1979 1088 risus,
2014 1007 2098 1099 quia
2124 1029 2201 1077 non
2224 1020 2308 1099 post

263 1134 371 1206 etiam
392 1130 526 1201 mortui
549 1141 642 1200 sunt.
693 1125 795 1194 Hanc
816 1120 1004 1195 historiam
1025 1118 1190 1189 recitavit
1209 1114 1255 1186 D.
1308 1116 1456 1205 longum
1472 1125 1613 1203 tempus
1630 1111 1668 1178 in
1683 1111 1777 1181 bello
1794 1110 2000 1178 interfectus
2022 1123 2095 1192 est,
2121 1122 2157 1180 et
2174 1110 2222 1179 ita
2240 1134 2308 1201 pu·

261 1232 614 1327 Philippusfflflacta
632 1229 814 1298 mentione
836 1226 932 1295 illius
954 1219 1256 1312 lociinEpistola
1308 1217 1402 1286 nivit
1419 1241 1499 1286 eum
1516 1214 1615 1285 Deus
1631 1228 1781 1306 propter
1799 1234 1901 1283 suam
1919 1212 2160 1283 insolentiam.
2208 1213 2306 1284 Nam

262 1336 393 1420 Iudae,
426 1336 488 1406 ubi
510 1334 679 1425 scriptum
710 1343 781 1415 est,
814 1330 990 1420 Angelos,
1022 1325 1183 1420 quinon
1206 1335 1258 1390 te·
1309 1320 1406 1392 Deus
1426 1330 1544 1390 servat
1565 1318 1744 1409 regulam:
1786 1315 1859 1408 Qui¹
1882 1340 1920 1386 se
1950 1316 2103 1399 exultat,
2136 1311 2307 1385 humilia·

263 1452 421 1512 nueruut
436 1439 579 1507 initium
594 1461 721 1517 suum,
747 1435 809 1503 sed
832 1432 915 1501 elati
937 1440 1117 1524 quaerunt
1139 1424 1255 1495 dumi-
1309 1423 1417 1493 bitur.
1632 1489 1638 1504 ‚

264 1545 382 1616 cilium
408 1541 618 1632 proprium,
659 1536 835 1606 reservari
863 1535 900 1602 in
933 1531 1103 1602 iudicium
1136 1526 1258 1619 magni
1414 1535 1569 1610 mvl,
1610 1535 1701 1608 cum
1725 1559 1787 1605 m
1806 1530 2013 1629 ,alphonsus
2032 1535 2309 1630 Neapogmnns,

263 1645 335 1717 diei
358 1644 509 1716 vinculis
533 1637 757 1732 aeternis⁰¹).
823 1636 869 1706 Et
890 1634 1073 1707 subiunxit
1095 1634 1171 1702 iore
1195 1630 1257 1699 ali·
1311 1642 1390 1737 (qui
1408 1641 1498 1718 vigit
1519 1654 1683 1731 tempore
1703 1653 1846 1731 patrum
1873 1652 2101 1724 nostrorum,
2126 1638 2309 1733 quiafri,

264 1773 372 1845 quern
388 1760 520 1815 tetrum
538 1755 723 1814 etcertum
740 1741 858 1810 locum
877 1742 1132 1809 damnatorum
1155 1732 1258 1826 spiri·
1311 1747 1451 1817 desim,
1472 1746 1541 1816 suit
1562 1747 1765 1836 ,pudicum
1789 1742 1943 1833 Neapoli
1968 1755 2003 1812 ει
2026 1742 2163 1834 magni,
2188 1744 2233 1812 ab
2258 1767 2305 1813 ω

264 1864 366 1923 tuum
390 1861 473 1939 P⁰⁵t
493 1844 587 1917 hanc
613 1847 746 1926 Vitam,
786 1855 821 1911 θῑ
844 1840 1004 1912 fortassis
1026 1862 1123 1909 nunc
1150 1838 1258 1908 ²5³¹ss
1310 1844 1673 1919 honoribusaiiectus
1695 1846 1765 1944 est)
1788 1847 1968 1916 obsideret
1988 1847 2113 1915 urbem
2131 1844 2309 1930 Caietam,

265 1978 341 2038 “⁵0
367 1963 503 2022 cerium
530 1950 671 2032 l⁰⁰¹¹ms
706 1946 744 2014 51¹
769 1970 841 2040 (1ΰο
864 1956 1052 2016 serventur
1075 1940 1260 2036 thue-ad
1312 1965 1348 2021 et
1367 1952 1560 2024 multitudo
1577 1967 1653 2020 non
1670 1962 1791 2041 posset
1805 1949 1853 2017 ali
1871 1949 1910 2018 in
1926 1949 2083 2040 oppido,
2110 1947 2310 2018 emiserunt

266 2055 451 2128 iudicium.
518 2052 589 2121 Sed
621 2064 673 2124 est
700 2074 784 2118 vera
807 2061 843 2118 et
863 2048 975 2118 relata
997 2072 1018 2114 a
1044 2045 1167 2115 multis
1189 2045 1259 2124 lide
1312 2052 1858 2147 flfiegoppidomulffludinem
1881 2075 2028 2136 genum,
2053 2075 2251 2143 puerorum
2272 2064 2312 2121 et

266 2158 384 2250 dignis
399 2156 498 2225 viris.

299 2329 303 2334 .
370 2254 536 2329 Cxtlttt
562 2254 640 2348 Ego
655 2278 761 2347 saepe
776 2252 899 2322 audivi
914 2252 959 2321 D.
973 2249 1173 2344 Martinurp
1187 2245 1261 2317 Lu-

267 2351 411 2456 therum
438 2360 667 2442 recitantem,
695 2357 757 2452 qui
782 2356 922 2425 dicebat
942 2378 979 2425 se
999 2352 1106 2423 fuisse
1130 2352 1169 2420 in
1186 2350 1261 2420 Du-

267 2462 431 2560 bionffl')
446 2488 558 2556 pago;
584 2485 670 2530 nam
689 2483 731 2528 eo
749 2483 854 2554 saepe
870 2458 1050 2549 proiectus
1064 2468 1134 2538 est,
1156 2466 1197 2524 ut
1210 2451 1261 2523 ibi

268 2568 562 2648 concionaretur,
588 2561 672 2658 quia
694 2564 841 2631 luerunt
862 2561 913 2630 ibi
938 2558 1076 2630 nobiles
1099 2559 1142 2627 de
1158 2555 1261 2628 Stau-

266 2669 359 2753 bitz,
386 2669 450 2764 qui
471 2663 587 2737 adhuc
609 2676 693 2736 suut
715 2665 752 2733 in
776 2663 920 2734 vicinia.
977 2660 1031 2730 lbi
1051 2661 1162 2731 frater
1189 2659 1262 2743 ille,

268 2759 332 2869 gui
349 2774 528 2842 cecinerat
548 2770 713 2850 missam,
741 2767 899 2836 cantavit
921 2764 1008 2834 illud
1024 2762 1260 2854 Evangelium

267 2873 388 2945 Lucae
410 2872 490 2955 19.,
520 2870 558 2940 in
578 2895 650 2965 quo
666 2880 733 2939 est:
761 2869 872 2938 Dedit
887 2864 975 2936 mihi
994 2869 1115 2936 decem
1132 2866 1262 2949 minas,

269 2967 307 3052 et
321 2975 404 3070 quia
420 2988 535 3046 textus
550 2972 586 3041 in
602 2971 721 3044 bibliis
735 2972 895 3042 scribunt
908 2994 1006 3063 μνας
1015 2981 1050 3038 et
1064 2962 1263 3037 monachus

269 3103 346 3149 non
363 3090 507 3172 poterat
522 3078 660 3167 legere,
684 3099 752 3144 nec
775 3087 879 3144 antea
903 3072 1067 3143 audierat
1087 3072 1176 3142 illud
1197 3094 1263 3139 no·

269 3205 373 3268 men,
399 3180 484 3275 legit
506 3182 627 3250 decem
651 3177 933 3260 misericordias,
959 3155 1084 3270 post'ea
1107 3200 1187 3246 cum
1210 3174 1264 3244 iu·

270 3276 407 3358 dicaret
429 3309 505 3354 non
528 3282 721 3353 convenire
749 3284 870 3352 decem
895 3279 1180 3364 misericordias,
1213 3270 1267 3347 le-'

271 3386 340 3482 git:
382 3401 417 3458 et
444 3387 543 3457 dedit
569 3387 601 3455 ei
627 3387 747 3456 decem
772 3385 951 3455 minimas.
1016 3375 1265 3474 Reprehendit

270 3516 337 3562 nec
358 3489 427 3560 hoc
451 3514 554 3583 posse
575 3480 791 3580 congruere,
824 3501 860 3559 et
880 3487 981 3579 legit:
1015 3484 1126 3556 Dedit
1147 3486 1181 3555 ei
1203 3487 1264 3555 de-

272 3618 347 3666 cem
366 3595 498 3664 Meras.
548 3589 627 3661 Hoc
644 3591 724 3661 dico
741 3603 882 3661 tautum
897 3588 1051 3681 exempli
1065 3612 1169 3658 causa
1193 3599 1265 3659 sto·

199 3718 212 3733 ·
270 3698 429 3767 lidorum
453 3691 663 3775 hominum,
697 3691 760 3787 qui
781 3705 1017 3762 contemnunt
1041 3715 1165 3761 omnes
1186 3691 1294 3761 lite-i

271 3822 352 3881 ras,
395 3798 426 3869 si
448 3790 638 3888 pulchrum
661 3807 733 3878 est,
773 3796 826 3863 nil
857 3795 966 3876 scire,
1000 3793 1046 3863 sit
1067 3814 1172 3875 sane,
1203 3794 1265 3862 sed

230 3984 234 3989 ¹
271 3901 398 3971 literae
416 3913 451 3969 et
471 3899 613 3988 linguae
636 3910 720 3967 sunt
739 3898 906 3967 fasciolae
921 3891 1073 3979 Christi,
1100 3895 1263 3966 doctrina

212 4000 222 4017 '
273 3998 407 4075 Christi
431 4015 484 4072 est
508 4001 668 4069 involuta
692 3999 886 4082 fasciculis,
929 3999 1041 4069 literis
1065 4012 1101 4068 et
1123 4000 1265 4091 linguis,

272 4128 353 4183 stur
369 4109 454 4199 'uae
477 4104 622 4198 ternod)
644 4103 783 4195 linguas
798 4105 939 4194 tanuen.

269 4236 281 4245 ·
377 4207 514 4280 CXLV.
550 4207 678 4278 Comes
693 4208 841 4302 quidam
858 4204 1163 4296 Wirtebergensis
1185 4200 1267 4296 (an-

273 4327 419 4408 tequam
435 4313 518 4382 facti
535 4324 619 4383 sunt
633 4313 741 4381 duces
766 4323 849 4379 rante
871 4309 1093 4407 annos100)
1119 4308 1156 4375 in
1181 4331 1267 4374 con-

193 4417 200 4439 ‘
273 4431 385 4488 ventu
408 4414 662 4487 Ratisbonensi
685 4439 763 4483 cum
788 4414 911 4484 fuisset
932 4412 1101 4494 caeteris,
1134 4409 1199 4504 qui
1227 4410 1266 4479 in

274 4531 454 4590 conventu
476 4532 598 4602 erant,
630 4518 862 4599 insolentior,
889 4514 1093 4585 Fridericus
1108 4510 1267 4604 Impera·

273 4634 333 4692 tor
348 4620 464 4689 voluit
480 4616 742 4710 reprehendere
768 4619 996 4689 insolentiam
1022 4616 1151 4707 ipsius,
1177 4615 1267 4684 dixit

274 4727 439 4793 adeum:
474 4723 805 4817 uersarentur
829 4720 886 4811 aa,
911 4720 944 4810 io
968 4719 1006 4808 aa
1028 4728 1063 4792 rt
1085 4719 1168 4791 attat
1193 4721 1266 4811 gut,
1291 4772 1294 4787 .

273 4825 477 4917 significans
493 4824 604 4916 ipsius
624 4827 851 4896 insolentiam
870 4826 938 4897 sibi
952 4824 1149 4916 aliquando
1166 4822 1266 4889 noci-

273 4941 393 5001 turam
419 4951 504 4998 esse.
555 4925 649 5000 Nam
665 4929 869 5001 fridericus
886 4928 954 4998 tuit
972 4924 1273 5021 modestissimus,

274 5032 324 5101 ita
341 5042 383 5102 ut
399 5029 550 5124 ignavus
566 5030 745 5102 diceretur
760 5043 910 5125 propter
924 5053 1024 5102 suam
1040 5011 1265 5099 modestiam.

272 5131 312 5205 ld
328 5158 409 5204 cum
424 5135 617 5206 audivisset
632 5160 773 5218 comes,
800 5132 940 5206 curavit
962 5133 1031 5203 sibi
1052 5131 1131 5201 fieri
1154 5155 1267 5222 penu·

273 5237 348 5307 lam
362 5238 406 5306 de
421 5262 544 5328 panno
561 5238 727 5309 crassiori
743 5238 868 5321 laneo,
892 5238 939 5330 tia
955 5238 1001 5311 iar
1018 5237 1113 5312 einer
1126 5234 1266 5330 ,roitger

274 5339 360 5418 teat
375 5340 524 5437 medea,
556 5355 592 5413 rt
607 5341 786 5410 fimbriam
802 5342 907 5433 plane
925 5342 1008 5409 lecit
1024 5364 1171 5410 auream
1191 5364 1266 5409 ma-

276 5485 482 5503 *nu—-

306 5546 358 5607 0)
375 5547 408 5598 l).
426 5542 688 5611 ratramnum:
713 5542 746 5592 D.
765 5555 798 5608 φ.

307 5613 358 5673 64)
375 5616 462 5677 ltptst.
481 5615 564 5671 ludas
582 5626 625 5661 vs.
639 5612 666 5663 o.

307 5680 379 5745 w)
395 5683 519 5743 Botion]
537 5683 555 5734 l.
571 5694 597 5744 q.
616 5681 747 5745 Domo,
768 5678 873 5731 ΒΜ.

1313 2158 1518 2228 mulierum.
1575 2154 1630 2227 lbi
1659 2181 1739 2225 cum
1765 2155 1990 2225 omitteretur
2013 2155 2074 2224 illa
2100 2155 2311 2238 multitudo,

1313 2259 1659 2354 dederunt1quidaru
1684 2258 1873 2346 consilium
1897 2258 1993 2348 regi,
2026 2270 2074 2332 ut
2096 2259 2239 2351 aliquos
2265 2281 2309 2327 ex

1313 2362 1632 2446 illisinterficeret,
1658 2374 1700 2432 ut
1712 2361 1765 2429 illi
1783 2361 1898 2460 coacti
1914 2361 1977 2432 illo
1998 2372 2137 2440 terrore
2151 2373 2188 2430 et
2203 2359 2310 2434 mise·

1313 2466 1468 2554 ricordia
1493 2490 1641 2537 suorum
1666 2466 1825 2534 lacerent
1849 2463 2082 2534 deditionem.
2146 2462 2197 2534 Et
2220 2463 2310 2535 dicit

1314 2570 1391 2661 ipse
1412 2569 1583 2660 scriptor:
1617 2568 1750 2638 Pareat
1771 2562 1862 2636 mibi
1877 2565 1996 2648 Deus,
2031 2567 2095 2662 qui
2115 2579 2152 2640 et
2171 2591 2237 2659 ego
2254 2567 2310 2640 lui

1314 2673 1354 2742 in
1381 2672 1443 2740 illa
1465 2671 1664 2762 sententia,
1698 2683 1734 2742 et
1753 2670 1848 2756 idem
1872 2668 2049 2750 consului.
2108 2668 2187 2742 Rex
2210 2671 2312 2743 stetit

1315 2776 1541 2869 aliquantum
1559 2798 1679 2848 seeum
1696 2773 1919 2857 deliberans,
1952 2772 2213 2862 cogitabundus
2228 2786 2314 2846 tan·

1316 2880 1396 2948 dem
1420 2876 1557 2971 inquit:
1584 2874 1661 2946 huo
1685 2871 1773 2945 mihi
1796 2889 1912 2946 totum
1936 2899 2088 2966 regnum
2102 2875 2311 2968 Neapolita·

1314 3005 1401 3058 num
1420 3004 1497 3050 uon
1513 2980 1604 3050 tanti
1621 2992 1693 3065 cst,
1719 2993 1759 3049 ut
1775 2974 1845 3049 hoc
1865 2980 2021 3059 faciam,
2049 2990 2085 3047 et
2103 3004 2188 3050 mox
2210 2979 2314 3050 dedit

1315 3084 1547 3166 mandatum,
1577 3094 1619 3156 ut
1641 3084 1857 3154 ducerentur
1879 3082 1917 3150 in
1943 3082 2059 3152 vicina
2085 3081 2238 3173 oppida,
2272 3094 2313 3152 et

1316 3183 1670 3282 distribuerenturffl)
1686 3184 1724 3254 iu
1745 3181 1925 3278 hospitia,
1958 3198 1992 3255 et
2014 3184 2110 3254 dedit
2133 3185 2311 3254 mandata

1316 3289 1604 3381 magistratibus,
1635 3301 1677 3359 ut
1696 3284 1922 3381 hospitaliter
1945 3288 2211 3380 exciperentur,
2243 3311 2313 3359 nec

1317 3395 1564 3477 laederentur,
1597 3416 1664 3462 nec
1690 3393 1954 3485 attingerentur
1971 3388 2127 3482 virgines
2147 3403 2213 3463 aut
2232 3415 2314 3462 rnu-

1317 3497 1432 3568 lieres.
1483 3494 1562 3566 Hoc
1578 3520 1658 3567 cum
1683 3494 1736 3565 illi
1759 3496 1921 3566 viderent
1945 3496 1990 3563 de
2014 3494 2127 3565 muris
2149 3506 2186 3565 et
2208 3493 2310 3565 audi·

1316 3613 1418 3682 rent,
1441 3598 1526 3668 victi
1546 3599 1785 3669 admiratione
1800 3600 1902 3672 istius
1917 3597 2080 3682 virtutis,
2113 3596 2232 3667 statim
2256 3596 2312 3667 ul·

1317 3716 1375 3772 tro
1397 3701 1618 3772 deditionem
1641 3702 1815 3776 fecerunt.
1873 3700 1929 3770 lbi
1952 3702 2044 3770 bene
2065 3700 2236 3792 cogitavit
2253 3722 2309 3771 ss-

1318 3806 1420 3898 piens
1444 3829 1523 3890 rer,
1556 3805 1670 3876 multo
1689 3806 1803 3896 magis
1826 3804 1922 3874 vinci
1944 3799 2111 3874 homines
2135 3801 2312 3895 sapientia
2367 3791 2373 3803 ⁸

1318 3932 1359 3978 ac
1375 3907 1509 3979 iustitia
1526 3932 1635 4003 quam
1653 3910 1875 3979 crudelitate.
1934 3905 2012 3976 lmo
2029 3907 2220 3979 crudelitas
2236 3930 2313 3979 sae·

1317 4036 1362 4105 pe
1384 4010 1640 4105 pertinaciores
1656 4011 1752 4084 lacit.
1805 4010 1903 4080 Haec
1923 4010 2086 4101 exempla
2109 4021 2193 4083 sunt
2215 4009 2313 4101 cogi·

1317 4116 1441 4185 tanda.
2314 4126 2316 4133 '

1420 4227 1590 4303 chvn.
1622 4178 1740 4301 Faber
1762 4182 1950 4325 episcopus
1964 4230 2179 4303 Viennensis
2198 4227 2312 4300 edidit

1317 4337 1461 4406 librum
1485 4337 1530 4404 de
1560 4334 1737 4405 caelibatu
1766 4349 1891 4407 contra
1917 4336 2122 4427 coniugium
2146 4335 2314 4404 sacerdo·

1318 4453 1407 4511 tum.
1460 4438 1534 4530 Qui
1557 4462 1637 4507 cum
1662 4451 1753 4509 esset
1774 4441 1916 4512 oblatus
1930 4438 2104 4523 hasmo,
2131 4433 2199 4508 hos
2222 4439 2316 4508 duos

1317 4541 1512 4613 versiculos
1533 4539 1731 4632 inscripsit:

1459 4659 1564 4710 Fronte
1584 4669 1686 4711 arens
1705 4659 1731 4710 st
1747 4672 1796 4710 res
1813 4658 1907 4725 egitur
1924 4659 1970 4709 ubi
1987 4626 2064 4711 seris
2080 4669 2183 4710 rursus

1457 4744 1562 4796 Fronte
1578 4756 1678 4797 araus
1698 4747 1724 4797 st
1741 4747 1784 4797 ste
1801 4747 1871 4797 ludit
1888 4746 1977 4798 antee
1993 4747 2096 4799 Faber.
2136 4746 2147 4767 ‘¹

1318 4830 1386 4915 Hie
1400 4831 1518 4902 Faber
1540 4834 1610 4903 iuit
1631 4829 1741 4904 homo
1765 4835 1931 4924 petulans
1953 4850 1988 4903 et
2012 4837 2228 4914 obscoenus,
2262 4827 2314 4905 ᾖ

1317 4936 1378 5028 lut
1395 4953 1443 5028 gu
1458 4936 1558 5029 ssteu
1579 4940 1649 5011 teu
1666 4935 1822 5031 &datter
1839 4941 1902 5012 trs
1919 4938 2002 5013 uait
2020 4934 2209 5032 abacista.

1423 5054 1606 5128 chvtss.
1658 5059 1885 5130 Postremum
1916 5056 2016 5128 Eccii
2042 5059 2215 5149 scriptum
2246 5051 2321 5123 fuit

1318 5159 1477 5233 defensio
1494 5161 1687 5233 caelibatus
1704 5173 1829 5232 contra
1845 5162 2051 5253 coniugium
2073 5155 2317 5232 sacerdotum.

1318 5260 1527 5336 Obscocnus
1548 5288 1634 5337 sane
1659 5265 1750 5337 liber
1778 5277 1813 5336 et
1836 5266 1964 5358 plenus
1984 5264 2198 5357 impietatis;
2237 5282 2318 5328 non

1319 5366 1414 5436 enim
1430 5367 1498 5437 luit
1513 5392 1645 5462 cygnea
1664 5371 1804 5452 cantio,
1835 5371 1898 5440 sed
1923 5367 2051 5439 accidit
2074 5368 2129 5452 ei,
2163 5377 2205 5438 ut
2227 5363 2319 5434 dici-

1317 5481 1394 5539 tur:
1418 5468 1512 5541 Felis
1527 5472 1666 5563 fugiens
1682 5472 1834 5563 pessime
1849 5485 1960 5542 cacat.

1350 5670 1401 5739 tt)
1419 5672 1668 5734 distribuerentur]
1687 5671 1773 5725 cot:
1799 5671 2001 5726 mutauerant
