5125 6525
382 457 459 554 ω
757 483 761 492 .

383 632 458 713 los,
483 641 519 697 et
542 651 616 696 non
636 621 770 693 habent
792 624 890 715 quod
916 624 1045 705 edant,
1080 619 1240 690 corrodit
1265 642 1370 689 suurn

383 744 526 825 pectus,
559 741 594 797 et
619 751 684 797 suo
708 722 880 816 sanguine
906 723 970 792 alit
989 723 1106 817 pullos
1126 747 1221 794 suos.
1286 718 1372 791 Ideo

383 828 590 926 Alphonsus
607 842 647 899 ut
660 828 894 920 signiticaret,
920 850 957 897 se
974 826 1117 917 ingente
1143 848 1266 894 amore
1289 846 1373 894 suos

383 935 544 1009 subditos
567 931 755 1051 amplecti,
790 932 880 999 adeo
904 929 1011 998 etiam
1037 941 1078 999 ut
1102 953 1206 1000 suum
1230 924 1375 1017 sangui

383 1062 468 1107 nem
487 1060 555 1128 pro
574 1035 624 1105 eis
648 1034 829 1104 effundere
851 1030 976 1114 vellet,
1008 1032 1125 1122 pinxit
1147 1031 1186 1099 in
1209 1028 1374 1123 symbolo

383 1163 449 1230 spo
472 1138 687 1231 pellicanum
714 1136 974 1227 perfodientem
998 1134 1067 1205 sibi
1092 1147 1212 1225 pectus
1240 1145 1284 1213 etl
1308 1153 1376 1199 nu-

383 1242 551 1328 trientem
577 1240 694 1332 pullos
715 1263 818 1321 suos,
856 1249 892 1307 et
921 1260 1027 1328 super
1049 1236 1264 1328 pellicanum
1292 1232 1377 1306 seri·

384 1343 470 1437 psit:
505 1368 588 1436 pro
614 1343 710 1433 lege
738 1353 782 1410 et
805 1364 887 1431 pro
912 1364 1058 1431 grege.

384 1507 583 1580 CCXXXV.
628 1507 690 1577 De
732 1507 914 1599 virgine
955 1518 1131 1576 mortua
1167 1514 1377 1595 gestante

393 1623 396 1632 '
506 1635 629 1684 suurn
658 1634 825 1701 corpus
852 1609 1027 1679 auxilio
1053 1603 1253 1675 Diaboli.

406 1731 409 1736 ’
486 1746 675 1816 Bononiae
698 1745 767 1816 fuit
788 1743 919 1814 nobilis
940 1744 1116 1838 quaedam
1135 1742 1256 1834 virgo,
1285 1762 1378 1835 quae

384 1863 462 1944 toto
478 1848 624 1920 biennio
641 1861 814 1942 tanquam
829 1846 952 1918 vivens
969 1858 1107 1916 versata
1124 1858 1177 1916 est
1194 1845 1290 1913 inter
1313 1838 1378 1913 ho-

384 1954 519 2036 mines,
545 1950 675 2021 assedit
694 1951 738 2018 ad
755 1973 913 2019 mensam
933 1972 1027 2031 una,
1061 1947 1135 2018 visa
1162 1960 1214 2018 est
1237 1969 1378 2038 semper

386 2056 523 2150 aliquid
556 2066 716 2146 gustare,
751 2075 957 2146 quanquam
992 2050 1094 2119 valde
1124 2074 1274 2142 parum,
1312 2048 1380 2118 luit

387 2181 530 2250 semper
553 2156 710 2249 pallida,
735 2167 771 2223 et
793 2154 900 2223 etiam
922 2152 1026 2224 fuit
1016 2177 1054 2221 m
1077 2147 1226 2223 choreis.
1280 2151 1379 2220 'l'an-

386 2262 468 2330 dem
487 2260 585 2328 venit
609 2258 698 2328 alius
721 2254 867 2352 quidam
884 2255 1065 2346 magicus,
1093 2280 1155 2351 qua
1145 2254 1282 2325 dixit:
1308 2250 1377 2323 lsta

386 2361 505 2455 puella
524 2374 575 2431 est
592 2374 746 2429 mortua.
798 2359 992 2452 Quomodo
1017 2370 1107 2428 esset
1128 2354 1335 2426 mortuai'
1325 2380 1378 2423 rn-

387 2463 528 2558 quiunt.
579 2461 638 2533 'l'u
655 2462 754 2531 vides
768 2484 846 2530 eam
864 2484 938 2531 esse
954 2460 991 2529 in
1013 2455 1164 2530 choreis.
1216 2456 1294 2550 Ego
1315 2482 1378 2527 vo-

384 2566 441 2635 bis
458 2566 663 2646 ostendam,
688 2564 807 2657 inquit
821 2562 996 2653 magicum
1032 2562 1178 2633 accessit
1202 2575 1237 2630 et
1260 2561 1379 2631 abstu-

368 2659 427 2736 'lit
442 2667 495 2749 ei,
521 2669 617 2759 quod
634 2662 789 2735 habebat
802 2668 867 2735 sub
885 2666 951 2737 alis
964 2666 1029 2737 sub
1043 2667 1188 2736 sinistro
1212 2660 1377 2735 humero.

361 2861 364 2868 .
385 2769 445 2845 &o
461 2766 564 2861 plltgt
579 2776 679 2844 ιιιιιιιό
694 2787 741 2862 ιιι
761 2790 889 2842 uenata
912 2770 998 2838 illud
1025 2791 1194 2860 magnum
1217 2768 1379 2836 incanta-

386 2883 562 2941 mentum.
614 2868 677 2940 llla
693 2872 850 2941 concidit
865 2883 902 2940 et
915 2870 983 2942 luit
1000 2884 1155 2941 mortua.
1204 2868 1379 2939 Diabolus

386 2972 542 3064 gestavit¹
552 2972 641 3042 illud
656 2996 797 3065 corpus.
849 2971 928 3042 Hoc
941 2975 1059 3044 lacere
1075 2983 1204 3065 potest,
1223 2974 1287 3043 sed
1303 2994 1378 3041 non

387 3087 505 3165 potest
520 3075 730 3145 resuscitare
749 3087 922 3147 mortuos.

578 3238 793 3314 CCXXXVl.
832 3241 893 3313 De
919 3240 1190 3336 Polycarpo.

398 3446 401 3451 .
487 3375 708 3469 Polycarpus
729 3377 903 3447 adductus
936 3390 971 3447 et
996 3379 1176 3452 coniectus
1199 3377 1238 3447 in
1259 3376 1379 3467 ignem

385 3501 462 3567 non
477 3479 596 3571 potuit
610 3480 792 3564 comburi,
816 3504 883 3550 nec
901 3481 1013 3572 ipsius
1028 3481 1184 3552 vestibus
1208 3480 1301 3570 ignis
1314 3503 1380 3549 no·

386 3581 479 3661 cuit;
504 3594 629 3673 postea
647 3593 769 3650 tamen
786 3583 980 3654 decollatus
997 3597 1061 3656 est.
1104 3582 1198 3652 Hinc
1211 3581 1382 3674 apperuit

388 3683 588 3774 praesentia
605 3681 685 3752 Dei.

629 3844 861 3918 CCXXXVll.
899 3847 961 3917 De
988 3848 1137 3919 Arrio.

489 3981 615 4052 Arrius
641 3982 955 4079 Constantinopoli
987 4011 1067 4058 cum
1098 4011 1204 4055 mane
1237 3987 1305 4057 iret
1332 3990 1379 4058 ad

386 4083 666 4174 disputationem
697 4087 912 4158 defendendi
940 4089 1073 4160 erroris
1100 4113 1224 4173 cansa,
1258 4103 1379 4162 tantos

386 4185 562 4259 cruciatus
588 4187 698 4260 sensit
720 4189 758 4257 in
780 4191 1001 4277 ventriculo,
1041 4205 1081 4262 ut
1106 4205 1249 4264 coactus
1270 4193 1380 4264 iu'erit

385 4288 439 4360 ire
454 4292 500 4359 ad
517 4292 687 4375 cloacam,
714 4292 777 4363 ubi
792 4294 932 4365 evacuit
948 4296 1078 4364 somnia
1102 4295 1175 4366 lere
1195 4296 1379 4381 intestina,

385 4405 421 4471 ct
437 4392 488 4464 sic
503 4395 653 4465 summis
671 4395 886 4468 cruciatibus
903 4397 1078 4481 moritur,
1098 4399 1300 4490 exemplum
1324 4399 1379 4468 nl·

385 4494 494 4566 tionis
511 4496 655 4565 divinae
671 4497 709 4566 in
726 4510 991 4590 contemptores
1009 4500 1122 4570 verbi.

397 4744 404 4755 ,
479 4660 724 4734 ccxxxvtlt
762 4663 823 4734 De
848 4666 1018 4738 Arense
1043 4662 1279 4759 theologo.

400 4868 407 4877 ,
487 4797 645 4882 Arensis,
672 4797 735 4892 qui
748 4800 817 4871 fuit
831 4796 1275 4894 theologusLovanieusis,
1292 4804 1378 4874 scri·

384 4898 458 4993 psit
473 4900 584 4987 ¹fidem
605 4894 773 4971 Abrahae
794 4904 948 4975 similem
970 4903 1078 4979 fuisse
1099 4905 1184 4976 fidei
1207 4904 1377 4994 Socratis,

385 5000 568 5095 Qiceronis
594 5001 651 5071 vel
674 5001 934 5097 Xenophontis.
1001 5006 1097 5077 llaec
1117 5021 1170 5079 est
1193 5002 1376 5082 horrenda

384 5104 570 5199 impietas,
596 5117 631 5174 et
654 5118 772 5199 potest
796 5133 862 5201 per
883 5108 1111 5182 manifestum
1133 5123 1269 5181 textum
1292 5136 1377 5205 pro-

383 5206 485 5290 bari,
511 5208 608 5304 quod
622 5231 697 5277 non
712 5209 758 5281 sit
774 5233 911 5283 verum.
961 5209 1062 5282 Vidit
1077 5210 1261 5284 Abraham
1278 5214 1375 5286 diem

383 5333 503 5389 meum
521 5325 557 5383 et
570 5311 712 5402 gavisus
729 5310 833 5407 est⁷).
884 5313 1014 5386 Postea
1029 5315 1091 5386 ille
1108 5318 1221 5387 faetus
1245 5328 1299 5388 est
1318 5319 1378 5391 fu·

383 5413 519 5497 riosus,
546 5427 581 5483 et
597 5411 794 5483 moriturus
814 5414 925 5487 edidit
939 5411 1142 5491 horrendos
1157 5418 1325 5510 mugitus.

387 5566 593 5583 *

417 5639 624 5708 umam

1002 446 1129 526 Pllll..
1156 444 1269 521 Mal..
1296 441 1499 526 SCRIPTA
1524 432 1845 520 HISTORle·
1907 461 1977 478 ··
1954 453 2078 524 t.
2116 450 2203 514 ιι.

2220 447 2235 500 Ι
2342 433 2423 516 688

1453 612 1667 692 ccxxxlx
1705 611 1766 683 De
1792 610 1949 694 Italis,
1977 610 2082 704 quid
2111 610 2320 682 sentiant
2344 613 2394 682 de

1799 713 2050 787 Germanis.

1530 850 1609 924 ltali
1631 852 1757 924 dicunt
1779 852 1822 920 de
1841 848 2065 923 Germanis
2054 872 2093 917 ιιι
2120 845 2222 920 ltalia
2251 851 2421 922 versatis:

1427 957 1629 1028 Germanus
1643 953 1785 1026 Italicus
1801 967 1853 1030 est
1869 952 2068 1023 Diabolus
2058 963 2288 1035 incarnatus,
2312 966 2350 1023 et
2364 977 2426 1034 ve·

1427 1059 1566 1132 rissime
1596 1060 1731 1128 dictum
1757 1070 1827 1141 est,
1870 1056 1954 1150 quia
1976 1054 2150 1125 Germani
2172 1054 2426 1141 animosiores,

1427 1162 1620 1233 ferociores
1638 1175 1674 1234 et
1688 1160 1896 1232 audaciores
1909 1170 1994 1230 sunt
2007 1155 2116 1229 ltalis.
2151 1157 2308 1250 Quando
2324 1183 2425 1230 nune

1429 1266 1565 1336 accedit
1586 1266 1715 1336 astutia
1738 1288 1801 1335 seu
1827 1262 1983 1355 practica
1998 1259 2121 1330 Italica
2142 1260 2199 1330 vel
2214 1260 2424 1354 Hispanica,

1429 1371 1534 1461 longe
1549 1368 1697 1439 vincunt
1709 1364 1830 1438 Italos.

1663 1538 1860 1609 CCXXXX.
1900 1534 1961 1604 De
1988 1535 2189 1608 Socrate.

1532 1677 1722 1851 lnmto
1738 1676 1884 1745 Socrate
1901 1641 2085 1745 dixerunt:
2112 1673 2349 1759 Interfecistis,
2368 1676 2426 1744 in·

1430 1780 1570 1851 terfecis
1680 1780 1829 1850 sciniam
1854 1778 2034 1848 neminem
2061 1779 2272 1849 laedentem.
2330 1778 2426 1871 Qui-

1430 1885 1514 1953 dam
1534 1884 1687 1953 recitant
1711 1886 1754 1953 de
1769 1883 1980 1953 Palamede:
2015 1876 2163 1955 ἐκάνετε
2185 1879 2331 1955 ἐκάνετε
2355 1878 2429 1955 τὸν

1431 1984 1587 2083 ἄριστον
1597 1982 1780 2080 Ἑλλήνων
1796 1979 1941 2079 ἀηδόνα
1956 1979 2101 2078 μηδένα
2116 1977 2338 2082 βλάψασαν.

1431 2136 1646 2213 ccxxxxl.
1685 2139 1835 2234 Quare
1863 2165 1962 2211 sues
1987 2136 2168 2209 ludaeis
2194 2134 2428 2231 prohibiti

1824 2240 2041 2314 luerunt?

1533 2380 1620 2451 Sues
1653 2379 1792 2451 ludaeis
1834 2377 2004 2473 prohibiti
2045 2384 2211 2465 fuerunt,
2265 2382 2350 2478 quia
2387 2384 2425 2454 in

1430 2482 1579 2554 Oriente
1603 2480 1807 2553 habuerunt
1830 2479 1957 2554 hortos
1982 2484 2273 2567 amoenissimos,
2308 2486 2426 2556 balsa-

1430 2609 1490 2654 mo
1507 2586 1656 2680 aliisque
1680 2588 1902 2659 aromatibus
1925 2588 2161 2658 abundantes.
2222 2587 2276 2660 Ne
2302 2601 2425 2659 autem

1429 2714 1510 2760 sues
1523 2689 1590 2760 ista
1613 2692 1859 2774 devastarent,
1893 2692 1988 2760 unde
2012 2689 2208 2760 maximum
2234 2704 2428 2784 quaestum

1430 2786 1631 2876 habebant,
1655 2788 1955 2887 probibuitDeus
1975 2793 2025 2865 eis
2039 2817 2130 2865 sues.

1546 2942 1775 3056 ccxxxtssl.
1816 2946 2003 3017 Solonis
2029 2947 2297 3040 symbolum.

1536 3079 1686 3173 Respice
1701 3085 1808 3152 linem
1823 3083 1951 3174 longae
1968 3084 2075 3155 vitae.

1432 3231 1679 3305 CCXXXXlll.
1722 3234 1955 3305 Friderici
1975 3234 2276 3330 Imperatoris
2304 3262 2430 3334 sym.

1482 3338 1655 3420 bolum,
1695 3341 1812 3432 quod
1838 3338 2166 3433 Norimbergae
2194 3340 2237 3409 in
2267 3365 2375 3414 arce

1761 3441 1984 3535 scriptum
2013 3457 2091 3516 est.

1534 3574 1669 3645 Rerum
1686 3575 2019 3669 irrecuperabilium
2042 3603 2182 3651 summa
2200 3593 2252 3649 est
2273 3577 2429 3651 felicitas

1432 3675 1578 3749 oblivio.
1631 3675 1717 3747 ltem
1738 3679 1839 3749 Tene
1855 3705 2079 3766 mensuram,
2106 3688 2169 3757 bai
2192 3683 2337 3757 [atteia
2357 3699 2428 3755 ινιτ

1432 3780 1502 3877 nid)
1518 3781 1612 3874 helec
1626 3785 1685 3855 ιιιι
1701 3781 1780 3873 plus
1796 3782 1890 3852 ultra
1899 3781 1943 3878 ⁸).

1476 3929 1739 4005 ccxxxxlllt.
1778 3933 1838 4003 De
1866 3935 2093 4005 conviviis
2117 3932 2374 4009 Plutarchi.

1532 4065 1745 4140 Plutarchus
1761 4070 1884 4139 scribit
1901 4073 2053 4141 eundern
2078 4097 2151 4143 esse
2172 4074 2301 4143 debere
2324 4074 2427 4144 ordi·

1429 4194 1512 4239 nem
1530 4173 1567 4239 in
1584 4172 1775 4255 conviviis,
1801 4174 1864 4268 qui
1881 4174 1987 4245 estin
2011 4171 2220 4266 alphabeto,
2247 4188 2287 4245 ut
2307 4174 2426 4271 aliqui

1430 4273 1500 4344 sint
1515 4274 1655 4344 vocales
1668 4275 1693 4346 i.
1710 4299 1741 4347 e.
1756 4272 1929 4346 Doctores
1946 4291 1982 4347 et
2003 4278 2180 4360 seniores,
2213 4278 2274 4346 alii
2297 4301 2427 4350 conso-

1429 4388 1556 4447 nantes
1570 4377 1594 4448 i.
1610 4401 1641 4446 e.
1657 4377 1770 4459 cives,
1797 4378 1857 4446 alii
1874 4391 1996 4450 mutae
2012 4381 2035 4452 i.
2050 4406 2081 4453 e.
2098 4380 2268 4452 iuniores.

1576 4525 1806 4603 CCXXXXV.
1844 4531 1905 4604 De
1932 4546 2091 4616 sancta
2118 4531 2275 4604 Maria.

1530 4664 1647 4735 Maria
1672 4666 1761 4736 vixit
1785 4665 1842 4759 (ut
1860 4670 1983 4739 scribit
1993 4665 2304 4767 Nicephorus⁸'))
2322 4669 2427 4740 circi·

1429 4778 1484 4833 ter
1501 4767 1525 4837 8
1548 4791 1663 4839 annos
1678 4781 1759 4859 post
1774 4783 1927 4840 mortem
1943 4772 2026 4856 filii,
2047 4786 2083 4842 et
2098 4773 2188 4842 obiit
2205 4796 2301 4841 anno
2323 4785 2425 4841 aeta-

1428 4863 1552 4939 tis69.
1604 4870 1786 4942 Ponemus
1804 4875 1898 4941 enim
1922 4898 2000 4942 eam
2021 4876 2085 4948 20
2110 4898 2206 4945 anno
2230 4872 2424 4967 peperisse.

1427 4968 1512 5043 Non
1542 4971 1637 5041 enirn
1665 4974 1807 5045 videtur
1837 4977 2030 5085 verpimile
2053 5002 2132 5047 eam
2156 4977 2332 5070 peperisse
2357 4971 2427 5050 15.

1428 5095 1546 5156 anno,
1572 5086 1612 5143 ut
1625 5077 1772 5170 qnidam
1790 5064 1968 5150 dixertint.
2008 5078 2105 5148 errt
2115 5076 2277 5152 Christus
2291 5076 2342 5151 38
2359 5104 2426 5149 an-

1427 5198 1515 5260 nos,
1542 5189 1577 5245 et
1592 5177 1650 5246 illa
1667 5192 1748 5270 post
1764 5180 1827 5248 lilii
1844 5183 2087 5253 ascensionem
2104 5182 2127 5253 8
2143 5206 2258 5254 annos
2280 5183 2426 5253 circiter

1428 5276 1527 5348 vixit.
1579 5278 1680 5351 Vidit
1695 5306 1827 5353 novam
1852 5298 1887 5353 et
1908 5296 2121 5356 crescentem
2140 5285 2356 5368 Ecclesiam,
2388 5297 2428 5358 et

1428 5418 1633 5433 m

1459 5497 1492 5558 Β)
1510 5498 1562 5549 llts
1585 5497 1615 5548 ln
1639 5499 1765 5566 ιιιιιςίιιο
1789 5499 1818 5550 Ιιι
1843 5499 1911 5552 θοι
1935 5499 2104 5564 smmpto·
2128 5503 2188 5554 est:
2221 5515 2254 5568 φ.
2273 5503 2311 5553 Ι.
2339 5498 2427 5568 (nu.

1494 5564 1678 5632 Melanthos).

1461 5650 1480 5701 8
1486 5653 1513 5712 ⁸)
1531 5650 1715 5714 Mespheres]
1734 5652 1818 5704 cot:
1842 5653 2019 5717 flacopertus
