5125 6525
139 401 219 502 uo

140 585 281 655 autem,
306 571 345 640 in
367 569 499 663 quibus
520 569 636 639 linitio
650 593 731 639 cum
747 567 850 639 linito
866 569 1044 661 iungitur,
1071 582 1135 640 aut

139 671 314 745 linitionis
327 696 433 764 pars,
459 683 522 742 aut
538 672 725 763 proprium
744 673 789 741 de
808 672 967 743 subiecto
988 672 1133 754 dicitur,

140 788 182 847 ut
201 772 313 846 horno
339 787 394 844 est
418 773 553 842 animal
579 773 836 855 intellectuale,
876 769 988 843 homo
1015 785 1134 863 potest

140 877 255 970 loqui.
302 874 491 968 Quaedam
523 887 607 945 sunt
639 874 905 965 contingentia,
938 899 1035 969 quae
1066 857 1132 942 ali·

141 980 288 1071 quando
304 1000 379 1048 esse
393 976 481 1046 falsa
500 988 661 1067 possum.
712 976 805 1047 Sunt
826 990 965 1060 autem,
990 976 1030 1044 in
1052 976 1132 1069 qui·
1154 903 1158 1068 l

141 1079 209 1150 bns
223 1082 268 1148 de
285 1077 493 1150 substantiis
507 1078 701 1147 accidentia
716 1079 903 1161 dicuntur,
929 1090 993 1148 aut
1013 1079 1057 1146 de
1073 1101 1132 1146 ao-

142 1181 359 1262 nitentibus,
384 1179 600 1262 accidentia,
625 1192 667 1249 ut
675 1178 800 1249 Cicero
816 1192 868 1250 est
883 1174 1131 1270 philosophus,

143 1283 263 1352 album
281 1294 334 1352 est
349 1282 462 1351 dulce.
513 1279 631 1374 Atque
643 1276 899 1351 haeesormula
918 1280 1132 1371 pronuntia-

141 1398 262 1454 torum
294 1384 483 1474 spectanda
516 1382 705 1472 diligenter
733 1396 805 1467 est,
849 1383 887 1450 in
918 1383 1131 1465 iudicandis,

143 1509 224 1554 cum
255 1484 405 1555 statibus
434 1483 751 1575 disceptationum,
792 1499 868 1554 tum
898 1485 1131 1575 argumentis,

143 1608 236 1678 quae
257 1585 475 1668 necessaria,
500 1607 593 1679 quae
616 1586 856 1677 contingentia
878 1586 962 1658 sint.
1011 1588 1130 1679 Atque

143 1682 202 1756 hie
224 1686 343 1770 vides,
376 1685 463 1779 quid
494 1688 655 1756 conferat
679 1688 773 1757 ratio
799 1687 958 1778 generis,
988 1685 1131 1779 speciei,

142 1788 341 1871 individui,
367 1800 402 1856 et
416 1786 591 1871 aliorum,
617 1812 709 1881 quae
725 1809 832 1879 supra
850 1788 1013 1860 tractavi.

244 1885 378 1958 lamio
400 1884 468 1957 hac
491 1890 809 1980 pronuntiatorum
827 1891 943 1960 forma
968 1890 1132 1973 observa,

144 1990 242 2084 quod
264 1989 457 2059 accidentia
480 1991 646 2061 bifariam
667 1994 883 2075 efferuntur,
910 2005 972 2062 aut
996 1990 1131 2081 simpli-

144 2092 250 2174 citer,
283 2115 363 2161 eum
385 2093 519 2161 formas
539 2104 677 2161 tantum
700 2093 920 2185 significant,
958 2106 999 2163 ut
1020 2092 1131 2175 color,

144 2194 293 2274 albedo,
319 2193 489 2283 nigredo,
516 2207 580 2263 aut
597 2218 676 2263 cum
691 2196 827 2266 formas
847 2196 896 2265 ita
918 2194 1131 2288 significant,

143 2308 184 2365 ut
198 2296 237 2362 in
251 2294 330 2365 aliis
345 2295 451 2364 rebus
468 2320 542 2366 esse
559 2308 681 2366 tamen
700 2296 905 2388 designent,
932 2311 974 2367 ut
997 2298 1131 2378 album,

142 2397 299 2488 nigrum.
350 2396 555 2467 Posteriore
574 2399 708 2488 ligura,
745 2401 789 2467 de
814 2399 1020 2470 substantiis
1041 2396 1132 2465 acci-

145 2498 266 2567 dentia
281 2501 469 2567 commode
483 2498 664 2583 dicuntur,
685 2498 807 2592 priore
820 2524 1018 2594 nunquam.
1049 2498 1132 2573 Fal-

144 2598 282 2672 sissima
298 2597 392 2668 enim
411 2600 527 2669 oratio
545 2612 617 2684 est,
642 2600 789 2670 Petrum
806 2601 962 2673 colorem
979 2624 1065 2671 esse.

435 2764 497 2835 De
524 2770 837 2861 oppositione.

246 2900 288 2972 ln
313 2901 567 2973 controversiis
590 2902 778 2994 diligenter
805 2910 1036 2998 spectandum
1068 2917 1132 2990 est,

146 3028 255 3101 quam
272 3004 485 3075 sententiam
505 3005 562 3075 cui
577 3028 759 3096 opponas,
785 3032 850 3078 nec
867 3008 962 3078 enim
986 3032 1058 3078 una
1081 3019 1134 3080 est

146 3106 354 3201 opponendi
366 3106 542 3190 formula,
564 3118 599 3175 et
613 3131 732 3200 saepe,
758 3134 849 3205 quae
863 3133 1023 3204 pugnare
1038 3111 1132 3179 inter

145 3235 182 3281 se
200 3210 385 3292 videntur,
412 3232 450 3278 re
462 3208 539 3300 ipsa
556 3210 784 3283 conveniunt.
835 3211 998 3284 Primum
1017 3212 1055 3280 in
1068 3235 1133 3304 op·

145 3311 384 3404 positionibus
406 3312 576 3393 observa,
602 3337 647 3380 ne
668 3338 739 3407 qua
764 3314 899 3383 incidat
919 3313 1132 3404 ambiguitas

146 3416 184 3484 in
199 3439 327 3486 vocum
343 3412 672 3503 significationibus.
716 3414 809 3485 Nam
825 3428 956 3484 utnon
971 3426 1133 3507 pugnant

146 3519 307 3587 diversae
324 3514 525 3597 orationes,
548 3512 687 3583 Aeneas
710 3513 789 3606 pius
813 3527 884 3599 est,
911 3514 1042 3588 Caesar
1066 3539 1133 3583 rm·

147 3619 247 3717 pius,
270 3617 321 3684 ita
335 3639 400 3683 nec
419 3639 480 3699 ea,
505 3639 597 3709 quae
613 3615 755 3685 variant
770 3617 1000 3709 ambiguitate
1023 3618 1133 3702 vocis,

147 3734 209 3802 ut,
238 3717 397 3810 Polypus
420 3730 473 3788 est
493 3716 620 3810 piscis.
651 3717 811 3812 Polypus
834 3744 909 3790 non
933 3734 985 3792 est
1009 3720 1132 3813 piscis:

146 3820 232 3893 siin
248 3816 316 3889 hac
330 3819 518 3904 morbum,
546 3844 650 3914 quem
665 3819 832 3915 Polypon
855 3835 1004 3907 vocant,
1030 3823 1134 3923 intel-

146 3923 210 4015 ligi
232 3922 331 3992 velis.

147 4094 339 4163 Formae
373 4091 676 4183 pugnantium
719 4093 1132 4183 pronuntiatorum

525 4206 622 4263 tres
647 4209 763 4264 sunt.

251 4327 464 4412 Contraria,
506 4329 578 4398 duo
600 4326 837 4412 universalia,
866 4341 907 4399 ut
927 4332 1044 4402 omnis
1068 4357 1135 4402 vo·

149 4433 266 4523 luptas
284 4444 337 4501 est
359 4433 475 4512 bona,
510 4430 606 4499 nulla
632 4433 797 4522 voluptas
819 4443 871 4501 est
892 4432 1008 4517 bona,
1042 4460 1133 4529 quae

148 4557 332 4629 nunquam
351 4532 458 4603 simul
472 4556 557 4600 vera
577 4546 681 4617 sunt,
713 4534 751 4600 in
768 4533 1054 4625 contingentibus
1071 4538 1134 4606 ali·

148 4636 230 4706 cubi
248 4635 355 4706 simul
377 4636 465 4705 falsa
488 4647 590 4718 sunt,
632 4648 671 4705 ut
694 4631 944 4705 omnishomo
967 4651 1019 4710 est
1042 4640 1134 4731 pius,

147 4739 267 4809 nullus
283 4734 393 4807 homo
409 4749 462 4808 est
474 4735 566 4826 pius.

251 4838 526 4922 Subcontraria,
552 4839 780 4929 particularia
797 4854 899 4925 sunt,
926 4854 966 4912 ut
986 4840 1132 4936 quidam

148 4939 259 5011 lromo
276 4943 356 5036 pius
371 4955 443 5026 est,
467 4940 611 5035 quidam
629 4938 739 5011 homo
754 4943 834 5036 pius
846 4968 922 5013 non
938 4957 1008 5028 est,
1041 4967 1134 5038 quae

148 5067 335 5137 nunquam
351 5043 457 5116 simul
471 5043 556 5113 falsa
573 5056 675 5127 sunt,
702 5057 739 5113 at
761 5070 845 5114 vera
867 5045 905 5113 in
927 5045 1134 5138 contingen-

149 5145 243 5214 tibus
256 5146 362 5215 simul
378 5170 451 5216 esse
467 5158 627 5237 possunt.

253 5246 539 5316 contradictoria
558 5258 723 5317 constant
737 5270 779 5315 ex
793 5245 987 5318 universali
1001 5260 1036 5317 et
1052 5273 1134 5340 par-

150 5347 312 5432 ticulari,
338 5363 401 5418 aut
415 5349 672 5439 singularibus,
698 5372 789 5444 quae
806 5372 991 5444 nunquam
1015 5350 1133 5434 simul,

150 5474 268 5545 neque
286 5475 389 5533 vera,
424 5475 540 5544 neque
561 5451 648 5519 falsa
672 5474 746 5522 esse
767 5464 935 5543 possunt,
972 5464 1013 5522 ut
1028 5452 1133 5523 Plato

149 5558 266 5639 sedet,
291 5555 396 5624 Plato
414 5576 489 5622 non
504 5553 612 5623 sedet.

643 395 722 472 Vll.
773 396 1139 472 COMPENDlAlllA
1163 398 1477 476 DlALEGl'lOES
1501 332 1682 480 RA'l'lo..

2097 411 2174 486 780

1881 577 1987 651 Nulla
2004 582 2171 673 voluptas

1928 693 1981 753 est
1995 682 2103 754 bona.

1185 572 1315 646 Omnis
1330 574 1494 666 voluptas

1255 689 1309 747 est
1323 677 1430 748 bona.
1586 675 1799 746 Contrarias

1803 880 1910 1072 δέ

1433 1508 1579 1743 (β

1796 1524 1879 1665 φοᾲ.

1861 1646 1884 1692 θ

1879 1679 1901 1721 Θ

1541 1854 1817 1923 Subcontrariae

1183 1955 1370 2048 Quaedam
1388 1953 1489 2023 volu·
1839 1955 2026 2049 Quaedam
2045 1957 2147 2026 volu·

1182 2069 1261 2150 ptas
1277 2069 1330 2127 est
1342 2058 1452 2139 bona,
1810 2069 1891 2149 ptas
1906 2081 1980 2130 non
1994 2073 2048 2130 est
2061 2061 2169 2129 bona.
2190 2149 2193 2156 Ι

1471 2221 1536 2292 lle
1562 2225 1880 2297 conversione.

1285 2339 1381 2410 Usus
1394 2343 1718 2411 convertendorum
1732 2344 2076 2433 pronuntiatorum,
2101 2342 2171 2414 nisi

1184 2442 1279 2531 apud
1297 2437 1493 2532 sophistas,
1517 2465 1593 2511 non
1608 2443 1694 2513 satis
1709 2444 1836 2529 video,
1862 2469 1936 2516 esse
1953 2447 2033 2540 quis
2046 2447 2171 2537 possit.

1183 2541 1338 2626 Verum,
1362 2546 1508 2636 quando
1530 2547 1575 2612 ad
1591 2556 1758 2614 naturam
1781 2546 1964 2638 signorum
1988 2548 2172 2617 universa·

1182 2644 1285 2730 lium,
1306 2644 1602 2715 affirmativarum
1618 2658 1653 2714 et
1667 2647 1928 2737 negativorum‚
1951 2671 2026 2717 non
2041 2671 2171 2740 parum

1183 2746 1369 2829 conducit,
1394 2746 1578 2818 subiiciam
1597 2772 1740 2842 quoque
1755 2750 1985 2820 convertendi
1999 2750 2138 2820 modos.

1284 2847 1548 2917 Vertendorum
1593 2851 1909 2940 pronuntiatorum
1952 2852 2044 2922 duae
2087 2861 2170 2921 sunt

1182 2949 1342 3032 formae,
1372 2948 1549 3042 Simplex,
1574 2975 1644 3044 qua
1671 2952 1795 3023 iisdem
1820 2954 1929 3045 signis
1950 2955 2172 3023 transierun-

1184 3051 1414 3138 tursubiecta
1431 3065 1467 3121 et
1481 3053 1707 3142 praedicata,
1741 3078 1814 3148 quo
1838 3058 1948 3125 modo
1969 3067 2171 3137 vertuntur,

1183 3151 1395 3222 universalis
1416 3153 1601 3243 negativa,
1641 3167 1677 3223 et
1699 3156 1922 3245 particularis
1946 3155 2172 3238 affirmativa,

1183 3267 1224 3324 ut
1238 3255 1358 3324 nullus
1373 3250 1484 3323 homo
1500 3268 1554 3325 est
1566 3257 1726 3341 brutum,
1748 3271 1830 3348 apte
1846 3256 2007 3340 verteris,
2031 3256 2170 3326 nullum

1183 3356 1328 3425 brutum
1347 3368 1400 3427 est
1420 3351 1548 3426 homo:
1581 3359 1632 3428 sic
1654 3359 1829 3451 quaedam
1853 3359 2018 3448 voluptas
2041 3359 2171 3429 estbo·
2266 3446 2270 3455 .

1068 3516 1078 3531 ,
1183 3479 1251 3539 na,
1278 3470 1360 3547 apte
1380 3459 1550 3544 verteris,
1574 3460 1709 3529 bonum
1727 3462 1908 3555 quoddam
1925 3461 2091 3551 voluptas
2107 3473 2171 3531 est.

1183 3558 1354 3627 Formam
1372 3559 1520 3628 alteram
1536 3584 1602 3653 per
1618 3562 1800 3646 accidens,
1825 3575 1975 3646 vocant,
2000 3586 2070 3656 qua
2092 3586 2172 3632 mn-

1185 3673 1308 3729 tantur
1321 3660 1442 3751 signa,
1470 3674 1578 3755 atque
1594 3658 1662 3732 bac
1676 3675 1828 3734 utuntur
1841 3665 2074 3755 pronuntiata
2090 3664 2171 3732 uni·

1185 3762 1334 3833 versalia
1351 3763 1583 3848 affirmativa,
1607 3778 1648 3834 ut
1663 3765 1780 3836 omnis
1797 3767 1962 3857 voluptas
1986 3767 2081 3834 bona
2106 3775 2170 3848 est,

1186 3878 1268 3957 apte
1284 3864 1452 3949 verteris,
1479 3867 1614 3936 bonum
1630 3871 1811 3962 quoddam
1835 3880 1888 3937 est
1909 3868 2091 3959 voluptas,
2118 3880 2171 3936 at·

1186 3991 1255 4061 que
1266 3962 1326 4035 bic
1339 3968 1456 4050 vides,
1481 3980 1521 4037 ut
1532 3968 1586 4038 vis
1600 3970 1800 4060 negationis
1816 3969 2027 4042 universalis
2040 3969 2171 4039 diffisu-

1186 4069 1354 4138 daturin
1383 4092 1507 4139 omnes
1538 4071 1762 4160 pronuntiati
1791 4082 1929 4162 partes,
1968 4070 2171 4140 affirmandi

1185 4170 1326 4260 signum
1348 4192 1423 4238 non
1449 4171 1546 4240 item.
1613 4170 1735 4264 Quare
1766 4173 1976 4243 universalis
2005 4172 2170 4263 negativa

1185 4271 1395 4361 simpliciter
1411 4272 1581 4354 vertitur,
1608 4274 1819 4342 affirmativa
1835 4296 1900 4364 per
1915 4273 2088 4343 accidens.
2128 4269 2170 4340 ln

1186 4395 1308 4443 caussa
1324 4385 1377 4442 est
1392 4372 1467 4464 ipsa
1482 4376 1656 4444 sermonis
1674 4375 1786 4444 nostri
1803 4375 2016 4466 proprietas.
2053 4371 2169 4464 Vulgo

1186 4474 1360 4543 dialectici
1378 4487 1412 4541 et
1432 4476 1745 4568 aequipollentias,
1771 4489 1811 4545 ut
1827 4489 1977 4559 vocant,
1997 4475 2171 4567 praescri-

1185 4578 1294 4659 bunt,
1329 4589 1364 4643 et
1387 4577 1425 4643 in
1450 4578 1765 4666 pronuntiaturum
1789 4578 1929 4646 ratione
1954 4578 2014 4646 vir
2034 4577 2073 4645 in
2094 4578 2170 4646 ullo

1185 4679 1265 4746 loco
1294 4677 1373 4768 plus
1400 4678 1533 4767 negotii
1559 4692 1611 4749 est
1634 4679 1879 4750 Aristotelicis.
1929 4678 2062 4748 Verum
2093 4673 2171 4764 has,

1187 4805 1267 4851 cum
1281 4779 1388 4870 plane
1404 4781 1449 4848 ad
1463 4782 1713 4871 grammaticos
1726 4782 1905 4874 pertinere
1918 4781 2171 4873 intelligamus,

1187 4882 1273 4975 quid
1289 4881 1416 4950 attinet
1435 4876 1494 4951 hic
1513 4882 1700 4973 repetere?
1748 4883 1805 4951 An
1828 4883 2018 4977 quisquam
2042 4905 2171 4975 puero-

1185 5006 1266 5052 rum
1281 4996 1354 5065 est,
1380 4984 1443 5077 qni
1462 4985 1601 5074 ignoret
1614 4985 1707 5055 idem
1729 5009 1823 5068 esse,
1848 5008 1956 5054 nemo
1981 4981 2169 5054 hominum

1186 5109 1259 5153 non
1295 5097 1347 5155 est
1379 5085 1480 5176 pius,
1520 5089 1639 5179 quod,
1686 5082 1946 5157 omnis·homo
1980 5100 2032 5158 est
2066 5084 2171 5178 pius?

1186 5187 1308 5278 Quare
1324 5200 1357 5254 te
1381 5186 1494 5255 lector
1509 5187 1764 5285 admoneo⁸⁸),
1798 5190 1910 5279 magis
1930 5214 1972 5257 ex
1993 5189 2068 5280 ipsa
2094 5189 2169 5257 vul·

1186 5289 1279 5377 garis
1296 5288 1470 5358 sermonis
1484 5289 1624 5358 ratione
1642 5290 1729 5359 velis
1754 5291 2071 5384 aequipollentium
2098 5288 2170 5355 vim

1186 5389 1368 5480 colligere,
1393 5413 1499 5482 quam
1526 5415 1568 5461 ex
1590 5391 1741 5461 istorum
1764 5392 1906 5483 regulis.
1957 5389 2053 5474 lam,
2078 5412 2171 5481 quae

1189 5528 1394 5545 m

1219 5591 1269 5653 u)
1286 5593 1385 5643 annot.
1402 5604 1508 5659 nega
1532 5595 1687 5648 consilto·
1706 5594 1748 5660 (tn
1764 5597 1815 5647 Μ.
1829 5596 1855 5649 2.
1873 5596 1942 5646 tres
1958 5595 2053 5646 unct
2066 5594 2170 5655 derat).
