5125 6525
361 470 459 550 ·s91

535 639 597 709 De
625 640 921 739 anomalia⁴¹)
946 641 990 710 in
1016 643 1233 713 numeris.

463 757 661 830 Masculina
685 760 880 852 singularia
904 773 1045 831 tantum
1061 759 1150 831 haec
1165 763 1239 832 iere
1257 785 1380 832 recen·

386 874 526 933 seutur:

589 962 663 1032 Aer
886 962 1021 1036 Aether

591 1065 728 1157 Vesper
887 1064 1039 1159 Sanguis

590 1167 714 1237 Pulvis
886 1167 961 1239 Sol.

486 1285 622 1354 Verum
647 1280 705 1352 hic
728 1284 837 1355 satius
861 1300 913 1355 est
938 1312 1042 1358 usum
1066 1286 1252 1355 consulere
1270 1307 1312 1354 ac
1328 1308 1382 1355 se·

386 1387 461 1481 qui.
513 1387 605 1458 Nam
631 1387 810 1477 permulta
835 1386 905 1457 alia
922 1402 1025 1472 sunt,
1052 1412 1143 1481 quae
1158 1388 1218 1457 vix
1234 1379 1383 1479 plurali-

385 1500 441 1558 ter
462 1503 634 1581 usurpata
650 1502 744 1560 sunt.
796 1487 843 1557 Et
858 1515 900 1561 ex
914 1488 990 1575 his,
1018 1515 1111 1584 quae
1126 1490 1383 1573 recensuimus,

384 1591 583 1686 aliquando
601 1593 755 1683 pluralia
772 1592 922 1678 iaciunt,
949 1607 989 1663 ut
1007 1595 1110 1677 soles,
1134 1605 1171 1676 et
1186 1617 1254 1686 pro
1270 1606 1383 1675 aestu,

385 1705 422 1763 et
433 1715 501 1785 pro
514 1693 652 1766 diebus.

487 1792 702 1866 Foemiuina
723 1798 917 1889 singularia
937 1810 1098 1882 tantum,
1124 1810 1208 1868 sunt
1221 1796 1296 1866 sere
1311 1796 1384 1864 vir-

385 1908 501 1967 tutum
521 1898 774 1996 vitiorumque
797 1900 966 1983 nomina,
992 1913 1032 1970 ut
1050 1899 1384 1993 pax,.eloquentia,

386 1999 562 2086 amicitia,
588 2003 693 2087 fides,
717 2003 851 2094 gloria,
879 2016 914 2073 et
928 2001 1072 2073 similia.

519 2167 522 2174 -
591 2120 675 2191 Vita
887 2146 987 2191 mors

593 2223 740 2295 Soboles
886 2220 1031 2294 humus.

488 2338 537 2409 Et
559 2354 679 2412 tamen
698 2343 877 2436 quaedam
892 2341 1055 2413 invenias
1073 2366 1153 2413 cum
1171 2342 1285 2433 gratia
1304 2341 1383 2433 plu·

385 2441 512 2512 raliter
533 2445 646 2529 elata,
673 2458 714 2515 ut
730 2446 824 2537 apud
840 2445 1014 2516 Gellium:
1042 2443 1258 2516 Adolescens
1272 2444 1384 2513 flabat

386 2542 511 2614 inanes
527 2547 672 2637 glorias.

611 2698 749 2768 Neutra
775 2698 969 2789 singularia
995 2710 1149 2769 tantum.

487 2814 625 2907 Vulgus
779 2816 932 2907 Pelagus
1088 2817 1212 2888 Solum

490 2916 636 2986 Senium
778 2917 891 2987 llale'c
1086 2916 1263 2991 lustitium

466 3008 470 3014 ⁶
488 3019 628 3088 Aurum
776 3019 975 3109 Argentum
1088 3020 1249 3093 Coenum
1258 3021 1306 3120 ⁴¹)

486 3120 680 3192 Plumbum
776 3119 825 3189 Et
840 3122 977 3192 fructus
1088 3123 1262 3196 Cordum.

438 3239 636 3327 Triticum,
662 3240 714 3313 sal
732 3253 767 3311 et
783 3242 923 3327 oleum,
950 3254 986 3312 et
999 3240 1129 3313 similia
1138 3242 1199 3340 ⁴⁸).

602 3395 801 3469 Masculiua
828 3396 983 3490 pluralia
1008 3409 1161 3471 tantum.

938 3516 1066 3588 Fasces

935 3618 966 3688 F
967 3621 1035 3691 asti

936 3718 1022 3789 Pori
1036 3745 1102 3811 pro
1118 3722 1288 3793 sedilibos
1340 3731 1345 3736 ’

935 3818 1044 3891 Inferi

937 3923 1068 4014 Superi

935 4024 1047 4096 Lares

934 4128 1088 4200 Penates

933 4232 1051 4316 Sales,
1077 4231 1167 4302 salse
1180 4230 1287 4302 dicta.

486 3517 598 3587 Antcs

485 3620 645 3690 Annales

486 3720 644 3790 Cancelli

486 3821 579 3892 Cani

486 3924 655 3995 Carceres
669 3946 737 4015 pro
752 3922 862 4015 septis

486 4026 610 4097 Casses

485 4128 639 4200 Coelites

484 4231 657 4302 Proceres
677 4228 682 4242 '

595 4385 808 4456 foeminina
836 4385 988 4479 pluralia
1014 4399 1167 4458 tantum.

483 4507 662 4601 Ambages
775 4506 956 4580 Excubiae
1084 4504 1277 4579 Nundinae

483 4612 601 4683 Aedes
777 4609 937 4683 Exuviae
1087 4610 1276 4681 Tenebrae

482 4713 689 4786 Aerumnae

483 4813 687 4888 Blanditiae

483 4920 595 5013 Bigae

483 5024 683 5119 Compedes

485 5128 608 5199 Cunae

1087 4713 1224 4804 Scopae

1085 4817 1219 4888 Sordes

1047 4950 1050 4955 ¹
1087 4917 1280 5011 Suppetiae

1087 5021 1218 5091 'l'ricae

1088 5123 1213 5216 Nugae

777 4711 962 4813 Erequiae

777 4814 945 4889 luduciae

777 4918 930 4992 lnleriae

777 5022 931 5096 Insidiae

780 5125 970 5199 lllecebrae

385 5289 592 5304 -———

415 5383 465 5453 n)
489 5382 642 5503 anoffirts]
669 5382 712 5435 uo
734 5384 784 5434 rr.
810 5382 904 5447 reem
940 5380 1027 5432 nette.
1052 5379 1145 5446 ress,
1171 5380 1266 5447 sus„
1292 5392 1315 5433 e
1333 5391 1375 5431 e:

449 5466 547 5506 1110111
757 5502 760 5507 ,
1107 5492 1119 5501 ..

415 5540 464 5609 ts)
482 5541 619 5599 coenum]
636 5537 721 5590 tritt.
740 5537 829 5603 tm,
846 5549 872 5591 s.
883 5548 926 5590 ιε
949 5537 1049 5589 butun

415 5624 720 5751 ttoetwffi
741 5622 835 5691 tut„
858 5636 882 5672 s.
895 5633 938 5676 ιε
968 5623 1099 5688 ptersqre
1124 5622 1261 5699 vocabule
1282 5633 1377 5676 reru!

962 469 1086 543 rull..
1121 471 1236 545 MEL.
1269 470 1476 546 semera
1508 471 1848 548 ruunuocdcu

1539 641 1667 737 Dapes'
1737 636 1741 642 ’

1536 745 1691 816 Delitiae

1536 846 1694 918 Divitiae

1536 948 1647 1020 Dirae

1539 1052 1698 1122 Clitellae

1539 1154 1663 1226 Crates

1536 1255 1664 1327 Feriae

1536 1359 1649 1429 Fores

1538 1462 1667 1533 Grates

1538 1565 1674 1635 Genae.

1539 1683 1718 1754 Calendae
1742 1704 1762 1747 a
1786 1679 1951 1747 vocando
1968 1675 2083 1745 dictae
2098 1685 2199 1757 sunt,
2225 1697 2312 1742 nam
2326 1676 2431 1745 novi-

1434 1785 1536 1855 lunio
1561 1783 1828 1856 convocabatur
1850 1781 1969 1873 plebs,
1996 1790 2031 1847 et
2045 1776 2349 1869 pronuntiabatur
2364 1803 2432 1849 nu·

1834 743 1978 812 Literae
2005 766 2072 835 pro
2100 741 2250 834 epistola

1836 846 1960 916 Minae

1836 948 1935 1039 Opes

1835 1048 1963 1118 Lactes

1835 1150 2022 1222 Primitiae

1833 1252 2023 1347 Reliquiae

1415 1890 1556 1959 ‘merus
1575 1889 1736 1969 dierum,
1764 1884 1828 1978 qui
1847 1886 1892 1952 ad
1908 1883 2032 1956 Nonas
2047 1894 2282 1972 superessent.
2334 1880 2431 1953 Nam

1434 1990 1550 2063 Nonis
1576 1988 1837 2060 conveniebant
1857 1986 2050 2078 populares
2071 2008 2114 2054 ex
2126 1983 2222 2075 agris
2237 1983 2276 2051 in
2290 1984 2429 2055 urbem.

1436 2093 1572 2164 Graece
1589 2097 1692 2166 καλῶ
1708 2101 1768 2161 est*
1778 2114 1880 2159 voco.

1537 2194 1677 2277 Nonae,
1704 2186 1919 2262 Plutarchus
1937 2189 2048 2260 dictas
2064 2188 2202 2273 Nonas,
2226 2189 2330 2282 quasi
2344 2213 2431 2258 neo-

1435 2298 1572 2375 menias
1594 2309 1718 2390 putat,
1744 2309 1821 2366 tum
1846 2294 1942 2364 enirn
1958 2292 2115 2384 prodita
2132 2289 2229 2361 coitu
2244 2288 2372 2373 Luna,
2397 2305 2432 2360 et

1435 2401 1529 2471 clare
1549 2398 1779 2492 conspicitur.

1536 2499 1619 2590 ldus
1635 2526 1656 2572 a
1673 2501 1868 2570 dividendo
1884 2498 2064 2567 dicuntur.
2101 2496 2194 2567 Nam
2213 2495 2252 2564 in
2268 2496 2430 2565 medium

1435 2628 1595 2676 mensem
1619 2604 1795 2675 incidunt.
1845 2598 1974 2671 lduare
1999 2599 2159 2669 dividere
2182 2597 2361 2669 veteribus
2384 2599 2430 2669 si-

1435 2698 1638 2798 gnificabat.

1684 2871 1823 2946 Neutra
1850 2869 2003 2964 pluralia
2031 2881 2184 2939 tantum.

1537 2993 1670 3077 Arma,
1703 3004 1839 3073 castra,
1873 2987 2088 3081 crepundia,
2115 2987 2311 3069 cunabula,
2339 2998 2431 3069 exta,

1434 3093 1515 3178 ilia,
1542 3097 1656 3180 iusta,
1678 3093 1835 3163 moenia.

1537 3196 1585 3268 Bt
1604 3198 1755 3269 uomina
1777 3197 1971 3278 festorum,
2004 3203 2045 3262 ut
2063 3187 2315 3261 Bacchanalia.

1537 3300 1586 3371 Et
1623 3299 1772 3394 pluralis
1803 3320 1976 3368 numerus
2007 3296 2045 3364 in
2079 3295 2191 3367 titulis
2224 3297 2431 3390 frequenter

1436 3417 1643 3498 usurpatur.
2141 3441 2145 3450 ·

1638 3512 1851 3595 Βουκολικᾶ
1937 3515 2144 3616 I'swpycxoi.

1537 3642 1726 3736 Quaedam
1750 3640 1857 3710 etiam
1879 3651 2022 3709 mutant
2037 3662 2149 3729 genus
2163 3637 2202 3704 in
2216 3637 2348 3729 plurali
2363 3661 2430 3708 nu-

1435 3770 1548 3816 mero.

1640 3892 1839 3964 Masculina
1866 3892 1906 3960 in
1927 3891 2062 3985 plurali
2084 3904 2225 3961 neutra.

1638 4011 1803 4083 Avernus
1934 4013 2080 4083 Averna

1637 4116 1783 4185 Balteus
1934 4113 2053 4182 baltea

1635 4219 1813 4288 Carbasus
1934 4218 2091 4287 carbasa.

1534 4338 1692 4409 Eventus
1717 4350 1867 4433 quartae
1890 4334 2161 4418 declinationis,
2192 4334 2229 4403 iu
2252 4334 2426 4429 singulari

1431 4441 1596 4513 usitatius
1618 4454 1681 4513 est.
1733 4438 1884 4510 Ovidius
1912 4434 2046 4536 [Epist.
2056 4443 2094 4521 2,
2111 4432 2161 4507 85
2178 4433 2273 4534 sq.]:

1689 4543 1820 4614 Careat
1842 4542 2058 4613 successibus
2083 4553 2184 4633 opto,

1532 4646 1704 4739 Quisquis
1722 4648 1766 4715 ab
1783 4658 1914 4714 eventu
1928 4646 2018 4713 facta
2036 4646 2195 4713 notanda
2214 4657 2328 4735 putat.

1532 4748 1692 4819 Eventus
1715 4749 1753 4817 in
1775 4748 1917 4839 plurali.
1968 4746 2110 4816 Livius:
2149 4746 2337 4840 Nusquam
2360 4748 2429 4815 mi·

1429 4876 1496 4922 nus
1511 4853 1731 4945 respondent
1747 4864 1894 4922 eventus
1909 4874 2017 4944 quam
2033 4851 2071 4918 in
2087 4850 2202 4919 bellis.
2282 4901 2301 4932 ,

1532 4955 1672 5024 Eventa
1699 4958 1795 5046 apud
1816 4953 2025 5024 Ciceronem
2050 4977 2155 5044 saepe
2178 4950 2334 5041 reperies
2357 4977 2427 5042 pro

1429 5056 1536 5129 rebus
1552 5083 1644 5152 quae
1662 5059 1821 5128 accidere
1829 5058 1877 5154 ⁴⁴)
1899 5056 1990 5144 [Cic.
2007 5058 2052 5125 ad
2065 5060 2138 5126 Att.
2153 5052 2213 5139 lx,
2227 5051 2298 5140 6.]:
2332 5053 2427 5125 Cau·

1428 5182 1489 5231 sae
1505 5175 1715 5231 eventorum
1733 5161 1847 5252 magis
1865 5171 2012 5230 movent
2029 5184 2137 5253 quam
2155 5159 2231 5250 ipsa
2249 5171 2390 5228 eventa.

1928 5278 2024 5350 lussa

1864 5442 1868 5451 .
1927 5381 2024 5453 Loca
2047 5381 2177 5452 et·loci

1633 5279 1752 5353 lussus

1632 5384 1750 5457 Locus

1462 5688 1512 5756 44)
1530 5686 1679 5779 rootless]
1697 5690 1746 5741 rt.
1768 5688 1843 5743 1444.
1860 5689 2035 5756 secuerunt,
2058 5688 2109 5743 14,
2125 5700 2208 5754 se:
2230 5687 2370 5741 smnus.
