5125 6525
142 1711 145 1715 ’
189 1796 191 1800 ι
258 1709 378 1779 varias
402 1721 516 1792 artes,
546 1732 587 1776 ac
609 1708 750 1798 linguas
772 1706 945 1799 percepit.
997 1706 1112 1776 Multa
1133 1706 1176 1773 in
1198 1729 1254 1774 re·

141 2153 146 2162 ¹
259 2119 388 2202 fuerit,
415 2120 580 2189 videatur
594 2119 748 2188 Adriani
762 2116 995 2211 Imperatoris
1007 2142 1084 2188 non
1100 2118 1255 2188 multum

256 408 327 481 471
862 393 1007 475 'enm
1031 397 1146 474 rm.
1171 394 1378 473 semera
1402 384 1673 471 maronica
1862 389 1868 396 ’
1942 401 1983 445 V
2059 391 2080 432 ·’
2223 394 2305 475 4⁷2

360 576 439 649 Etsi
455 590 575 648 autem
590 598 667 645 non
683 587 736 646 est
751 574 867 645 nostri
880 573 1047 659 instituti,
1075 573 1250 668 interpre-
1303 570 1374 651 vit;
1405 571 1566 644 fortassis
1587 584 1623 641 et
1644 569 1739 642 dotis
1762 584 1870 666 atque
1888 567 2121 641 baereditatis
2146 593 2306 663 magnae

257 681 328 753 tari
352 678 520 774 genesin,
545 694 667 749 tamen
690 690 1029 771 cumcompareant
1052 678 1091 745 in
1116 700 1251 746 canon
1304 673 1542 745 accessionem
1574 675 1787 766 significavit
1809 675 1872 744 Sol
1902 687 1938 743 et
1959 672 2082 743 Venus
2107 673 2147 741 in
2175 686 2305 744 octava

258 787 431 856 obscurae
447 781 723 875 significationes
738 781 875 872 ingenii
890 794 927 850 et
951 782 1118 851 fortunae
1133 778 1251 849 Maxi·
1303 779 1427 848 domo.
1487 776 1662 849 Saturnus
1686 779 1725 846 in
1752 779 1878 872 quinta
1904 777 2053 848 infestus
2074 776 2144 847 fuit
2166 775 2305 863 liberis,

257 887 416 970 miliani,
434 884 560 979 putavi
576 885 749 979 quasdam
771 884 984 954 illustriores
999 879 1252 956 adscribebdas
1303 880 1476 951 maribus.
1537 880 1632 952 Nam
1665 904 1864 973 paucorum
1900 903 2080 950 annorum
2106 880 2302 951 intervallo

259 1014 345 1062 esse.
386 988 482 1062 Nam
499 1001 535 1058 et
551 987 780 1078 ingeniorum
799 987 991 1079 descriptio
1018 992 1075 1077 (ut
1090 1010 1156 1078 ego
1173 985 1252 1080 qui·
1303 983 1419 1056 tribus
1446 982 1549 1068 filiis,
1587 984 1766 1082 Georgio,
1806 983 2019 1071 Francisco,
2059 995 2096 1052 et
2116 979 2302 1076 Philippo,

257 1096 338 1164 dem
363 1091 540 1189 arbitror)
568 1093 614 1160 ad
637 1088 847 1162 historicum
874 1090 1043 1182 pertinet.
1095 1089 1250 1159 Multum
1305 1088 1452 1157 orbatus
1473 1098 1537 1155 est.
1600 1085 1704 1157 Luna
1728 1088 1767 1155 in
1789 1088 1894 1158 tertia
1916 1086 2015 1156 auxit
2038 1103 2202 1157 amorem
2228 1112 2301 1158 cre·

257 1197 356 1266 enim
372 1194 541 1264 conducit
554 1195 592 1263 in
607 1193 680 1263 vita
695 1206 908 1264 naturarum
925 1192 1250 1264 dissimilitudinem
1304 1190 1451 1260 brarum
1486 1190 1832 1283 peregrinationum.
1892 1188 2008 1259 Multa
2044 1190 2115 1259 alia
2152 1204 2302 1282 possunt

259 1298 510 1382 considerare,
536 1310 572 1367 ct
593 1296 753 1368 fortassis
771 1320 847 1366 uon
863 1310 916 1367 est
930 1296 1113 1388 ingratum
1130 1294 1253 1365 videre
1304 1287 1544 1385 deprehendi,
1575 1292 1607 1363 si
1629 1294 1709 1388 quis
1730 1293 1894 1364 omnium
1918 1293 2102 1363 stellarum
2124 1293 2205 1363 loca
2222 1293 2301 1363 dili-

189 1402 193 1407 ’
258 1402 397 1496 aliquas
413 1413 603 1471 eventuum
620 1399 908 1492 significationes.
1306 1407 1430 1486 genter
1447 1394 1621 1466 conferat.

364 1503 513 1575 Constat
537 1516 655 1574 autem
680 1502 868 1597 mirificam
894 1500 1002 1572 fuisse
1024 1501 1063 1568 in
1086 1499 1253 1568 Maximi·

255 1607 368 1693 liano.
398 1606 647 1677 dexteritatem
689 1605 844 1696 ingenii;
888 1604 992 1673 facile
1035 1602 1241 1694 disciplinas
1409 1547 1479 1618 sed
1502 1545 1592 1619 hm
1613 1550 1771 1619 bmster
1793 1562 1995 1641 amgmus’
2030 1551 2126 1644 q⁰⁰d
2151 1564 2303 1622 ‘mim

1244 1656 1254 1686 ’
1306 1649 1420 1744 aliqui
1435 1676 1515 1721 cum
1531 1651 1733 1745 praeceptis
1748 1653 1836 1725 artis
1850 1653 1955 1722 valde
1970 1653 2203 1741 consentiant,
2232 1654 2302 1725 etsi

1307 1776 1372 1844 ego
1397 1754 1543 1848 quidem
1570 1756 1706 1825 deiide
1730 1751 2010 1827 artishocloeo
2039 1781 2114 1826 non
2139 1755 2300 1848 disputo.

1305 1853 1441 1926 Verum
1459 1852 1554 1927 hanc
1568 1857 1845 1952 descriptionem
1864 1859 2069 1929 arbitrabar
2083 1883 2158 1929 non
2179 1858 2303 1951 ingra-

1307 1973 1380 2028 tam
1407 1984 1480 2031 esse
1502 1961 1541 2029 in
1565 1958 1737 2046 historia,
1763 1963 1975 2054 praesertim
2000 1988 2081 2033 cum
2103 1957 2194 2031 haec
2217 1956 2303 2033 seri·

1306 2063 1433 2133 bamus
1453 2059 1662 2136 hominibus
1677 2065 1847 2148 eruditis,
1873 2067 2002 2162 quibus
2019 2062 2228 2137 huiusmodi
2243 2067 2302 2135 de·

1307 2165 1518 2258 scriptiones
1561 2168 1619 2237 vel
1660 2169 1707 2237 ad
1739 2169 2037 2239 considerandam
2071 2168 2301 2259 ingeniorum

1307 2267 1539 2352 varietatem,
1564 2270 1625 2354 vel
1636 2272 1681 2340 ad
1699 2284 1792 2343 artes
1807 2272 2016 2344 iudicandas
2032 2274 2251 2343 conducunt.

259 1810 402 1903 publica
423 1809 648 1901 sagacissime
668 1808 847 1902 providit;
874 1810 986 1880 multa
1006 1807 1147 1879 consilii
1165 1809 1254 1878 cele-

259 1913 387 1997 ritate,
411 1914 592 1982 interdum
610 1913 783 2004 singulari
800 1924 877 1981 arte
894 1913 1001 1982 etiam
1019 1912 1187 2003 perfecit,
1214 1923 1256 1981 ut

187 2106 189 2109 Α
258 2012 352 2085 milti
373 2016 563 2109 cogitanti,
599 2041 754 2110 quorum
778 2028 939 2086 veterum
966 2016 1096 2085 dueum
1123 2013 1255 2084 ¹similis

260 2221 459 2294 dissimilis:
488 2222 554 2292 etsi
571 2221 840 2292 Maximilianus
859 2221 916 2289 vir
935 2220 1065 2290 melior
1079 2220 1168 2304 fuit,
1194 2221 1255 2291 sed

258 2322 489 2416 ingeniorum
508 2327 684 2419 quaedam
702 2325 771 2396 fuit
785 2324 997 2395 similitudo.

364 2425 573 2498 Conferrem
608 2441 643 2497 et
676 2430 722 2496 ad
739 2422 963 2519 ,Philippum
999 2426 1256 2505 Macedonem
1412 2418 1601 2493 Interitum
1626 2449 1713 2494 vero
1740 2424 1980 2494 Maximiliani
2009 2449 2135 2496 omnes
2157 2424 2302 2518 imperii

260 2533 323 2601 sed
346 2530 615 2600 Maximilianns
640 2530 709 2600 fuit
733 2530 790 2597 vir
817 2531 923 2621 longe
953 2529 1094 2600 melior.
1153 2513 1256 2598 Han'c
1308 2523 1454 2595 ordines
1476 2527 1702 2598 acerbissime
1722 2529 1894 2599 tulerunt.
1961 2528 2078 2600 Nemo
2104 2527 2201 2597 enim
2225 2552 2300 2598 non

260 2632 396 2724 ingenii
413 2632 630 2702 celeritatem
645 2633 859 2725 significant,
881 2632 1097 2702 Mercuriale
1112 2631 1254 2723 signum
1307 2626 1472 2711 dolebat,
1516 2631 1775 2722 rempublicam
1819 2632 1883 2701 tali
1924 2645 2071 2726 tamque
2115 2632 2305 2701 excellenti

130 2763 135 2772 ·
260 2734 373 2827 Virgo
387 2735 427 2803 in
442 2731 660 2829 horoscopo,
681 2749 716 2805 ct
731 2733 868 2828 Iupiter
882 2736 920 2804 in
929 2732 1091 2827 Virgine,
1111 2749 1148 2805 ct
1159 2735 1255 2805 Mer·
1307 2729 1476 2825 Principe
1510 2735 1673 2803 orbatam
1710 2759 1806 2820 esse,
1843 2735 2061 2806 alienissimo
2088 2735 2304 2828 praesertim

262 2838 380 2907 curius
401 2838 441 2906 iu
458 2837 593 2909 Ariete.
643 2840 734 2908 Sunt
756 2838 832 2911 eius
847 2838 901 2907 rei
916 2851 951 2907 et
969 2838 1059 2907 aliae
1075 2840 1254 2933 quaedam
1307 2847 1490 2928 ternpore,
1529 2860 1609 2908 cum
1635 2838 1790 2908 maxime
1813 2862 1903 2931 opus
1931 2850 2007 2908 erat
2031 2852 2066 2908 et
2091 2839 2244 2910 consilio
2269 2850 2305 2908 et

261 2948 390 3023 nota'e,
416 2964 505 3035 quas
521 2940 730 3012 iudicandas
746 2942 913 3037 relinquo
931 2940 1137 3012 artificibus.
1185 2941 1255 3012 Sed
1307 2936 1420 3007 animi
1438 2940 1687 3032 magnitudine
1703 2944 1749 3011 ad
1765 2941 1974 3035 depellenda
1992 2942 2174 3035 pericula,
2209 2965 2304 3037 quae

261 3042 363 3113 Mars
376 3042 415 3110 in
427 3042 551 3114 Leone
564 3044 609 3130 ios
619 3046 857 3128 duodecima,
885 3046 951 3115 etsi
970 3045 1255 3137 magnitudinem
1307 3042 1476 3114 universo
1511 3044 1592 3114 orbi
1617 3042 1823 3116 Christiano
1854 3045 2102 3117 imminebant.
2164 3045 2303 3139 Magno

263 3144 376 3213 animi
391 3147 510 3231 auxit,
531 3160 654 3217 tamen
670 3147 829 3239 ingentia
848 3147 881 3216 ei
895 3146 1067 3240 pericula,
1092 3148 1256 3239 ingentes
1307 3143 1417 3235 igitur
1438 3147 1536 3216 luctu
1559 3160 1595 3217 et
1618 3149 1848 3219 ornatissimo
1870 3150 1995 3220 femere
2020 3152 2133 3221 elatus
2158 3163 2213 3220 est
2239 3146 2305 3219 he-

262 3248 485 3322 difficultates
509 3249 641 3323 attulit.
691 3251 770 3320 Hoc
792 3252 872 3320 loco
888 3249 989 3323 Mars
1010 3251 1254 3344 captivitatem
1306 3262 1368 3321 ro's
1392 3249 1493 3320 omni
1517 3251 1718 3323 seculorum
1743 3253 1917 3325 memoria
1941 3254 2090 3347 dignus,
2122 3267 2251 3350 estque
2267 3254 2305 3323 in

261 3365 296 3421 et
312 3352 527 3446 multiplices
541 3352 689 3426 insidias
701 3355 915 3426 denuntiare
930 3354 1031 3426 solet.
1307 3350 1409 3423 Nova
1437 3352 1579 3425 civitate
1595 3355 1760 3428 Austriae
1780 3353 1970 3441 humatus,
1996 3359 2061 3428 sub
2079 3358 2211 3428 maiori
2229 3383 2306 3442 ara,

363 3452 405 3524 ln
427 3457 548 3527 Ariete
574 3458 637 3528 ubi
658 3453 767 3528 habet
791 3457 1065 3542 exaltationem,
1100 3457 1162 3529 Sol
1189 3458 1256 3527 im·
1306 3456 1344 3525 in
1361 3457 1496 3548 templo
1512 3460 1615 3533 arcis.
1714 3448 1721 3469 ⁹
1776 3512 1780 3519 «

262 3556 353 3649 perii
375 3560 554 3651 fastigium
577 3574 612 3630 et
633 3561 688 3629 rei
709 3562 876 3634 militaris
898 3563 1055 3633 studium
1080 3563 1254 3655 significa-

1090 3875 1470 3889 Μαι-...ι-

346 4106 455 4165 Nota.
500 4105 575 4165 Com
597 4105 652 4164 bac
674 4107 881 4166 exhortatione
903 4108 1091 4169 conferatur:
1134 4108 1293 4170 Ulricbi
1314 4111 1359 4169 de
1384 4111 1524 4171 Horten
1548 4106 1684 4191 Equitis
1706 4107 1871 4176 Gemens·
1890 4110 1936 4173 od
1957 4109 2132 4194 Principes
2156 4104 2299 4173 om-

260 4193 356 4266 niur,
385 4198 426 4250 ot
447 4184 570 4251 tellum
594 4187 715 4253 aaran
737 4187 918 4269 morbose,
946 4189 1209 4256 Eaebmtotorfo.
1256 4189 1395 4256 Psdlr'co
1418 4191 1623 4258 Gnmns'oe
1645 4198 1785 4260 concilio
1808 4196 1905 4279 opud
1926 4195 2116 4278 Augustos·
2131 4192 2296 4260 'Vindeli-

259 4294 385 4337 omm.
427 4273 531 4339 Anno
553 4275 681 4338 donini
699 4273 974 4355 M.D.XVIH.,
1004 4281 1043 4340 de
1065 4300 1124 4360 qua
1145 4281 1264 4341 disserit
1284 4284 1351 4344 Ge.
1374 4283 1511 4362 Wolfg.
1534 4285 1725 4346 Panzerus
1747 4288 1777 4344 in
1797 4289 1888 4346 libros
1920 4282 2016 4366 libid)
2038 4298 2099 4351 bot!
2121 4281 2245 4370 buttes}
2263 4280 2298 4349 in

260 4357 463 4443 litteratifcber
484 4358 617 4452 bisfdt
640 4361 841 4448 (numera,
871 4363 966 4430 ¹⁷98.
988 4364 1036 4442 8.)
1067 4387 1097 4445 p.
1112 4363 1267 4431 ott—74.
