5125 6525
259 438 334 514 70!

261 608 476 688 commoda,
500 601 684 695 religionis
698 611 942 690 contemptus,
966 596 1146 688 periuria,
1171 617 1250 665 cae-

261 715 341 795 des,
367 722 511 800 stupra,
535 703 751 775 vastationes
768 724 957 793 agrorum,
983 711 1020 769 et
1034 697 1177 769 similia.

665 868 847 940 Eveuta.

367 1011 474 1103 Quod
495 1006 639 1076 effectus
657 1003 735 1087 alii,
762 1026 829 1073 nos
848 1016 973 1072 eventa
992 1024 1173 1072 vocamus.

364 1112 421 1181 ab
443 1107 499 1181 his
522 1108 670 1199 perinde
692 1119 730 1175 ut
752 1130 771 1174 a
794 1104 926 1174 caussis
940 1099 1132 1173 trahuntur
1148 1126 1251 1193 argu-

263 1228 397 1289 menta.

270 1395 273 1401 ,
364 1316 420 1387 Ab
439 1315 565 1386 effectu
580 1334 722 1381 caussae
740 1305 991 1403 efficientis⁸⁸),
1012 1320 1062 1393 ut,
1084 1305 1168 1377 Dies
1186 1320 1252 1389 est,

263 1446 349 1512 ergo
372 1420 426 1491 sol
451 1428 549 1486 ortus
577 1426 639 1485 est.
691 1411 817 1482 Proles
842 1422 894 1481 est
917 1408 1100 1493 Traiano,
1129 1410 1253 1500 genuit

263 1524 383 1616 igitur.
442 1518 599 1588 Verbum
626 1515 682 1584 dei
707 1514 808 1583 audit
830 1513 1036 1595 Cornelius,
1071 1523 1122 1580 εει
1143 1510 1253 1602 igitur

262 1651 304 1696 ⁸¹
324 1627 404 1796 ded·
423 1721 594 1804 materia,
621 1714 766 1811 Cyphus
789 1715 959 1808 liquitur,
985 1740 1059 1785 non
1077 1728 1129 1787 εει
1144 1714 1253 1807 igitur

263 1831 287 1899 li
339 1853 411 1898 eus.

289 1853 336 1920 8¹¹
366 1933 399 1999 A
412 1928 543 2007 forma,
558 1922 735 1993 Volubilis
745 1921 942 2011 estglobus,
960 1933 1012 1989 est
1026 1919 1134 2011 igitur
1149 1933 1253 1990 teres.

363 2032 397 2100 A
411 2029 559 2110 linibus,
585 2025 673 2117 Agri
689 2023 816 2094 vastati
835 2034 936 2104 sunt,
964 2023 1053 2091 caesi
1069 2025 1165 2090 ferro
1181 2023 1252 2091 cul-

240 2123 379 2217 ‘tores,
405 2132 537 2200 bellum
555 2129 662 2219 igitur
679 2126 757 2196 fnit.

363 2232 534 2323 Exempla
566 2255 632 2320 pro
658 2253 695 2298 se
718 2228 868 2321 quisque
891 2226 1081 2317 diligenter
1105 2239 1252 2298 venetur

263 2361 305 2406 ex
322 2334 468 2428 optimis
483 2334 683 2427 quibusque
700 2328 953 2420 scriptoribus,
980 2353 1071 2421 quae
1092 2329 1252 2399 dicturus

774 424 850 500 ut
902 420 1268 497 nonusnullum
1293 418 1610 495 nmncrtens
1633 421 1795 498 limo.

2216 433 2294 514 m

1304 594 1411 664 visus.
1461 593 1669 685 Significant
1686 606 1805 666 autem
1824 597 2044 689 privationes
2056 626 2132 673 non
2150 619 2293 677 contra·

1303 696 1375 768 rias
1394 720 1451 767 res
1471 710 1533 767 aut
1552 698 1708 782 formas,
1739 710 1802 769 aut
1827 701 2035 794 qualitates,
2067 708 2130 776 sed
2150 719 2292 779 tantum

1304 802 1528 892 quarundam
1554 802 1753 872 formarum
1781 813 1843 872 aut
1874 806 2087 897 qualitatum
2117 811 2297 902 despolia-

1303 901 1451 972 tionem.
1505 900 1664 972 Caecitas
1687 906 1782 973 enim
1804 920 1968 991 nonest,
1993 909 2063 979 nisi
2078 911 2291 1005 despoliatio

1303 1002 1416 1081 visus;
1460 1004 1627 1074 tenebrae
1654 1029 1729 1074 non
1761 1004 1830 1078 nisi
1857 1008 2068 1100 despoliatio
2094 1012 2192 1084 lucis.
2250 1012 2292 1087 In

1304 1099 1359 1175 his
1375 1105 1460 1173 item
1476 1106 1526 1175 sic
1544 1120 1854 1197 argumentamur:
1882 1109 2069 1181 Tenebrae
2090 1128 2191 1198 sunt,
2215 1139 2291 1185 non

1304 1220 1356 1277 est
1370 1207 1479 1297 igitur
1497 1208 1569 1279 lux.

1406 1309 1791 1396 contradictoriorum,
1808 1338 1901 1407 quae
1918 1318 2183 1407 propositiones
2196 1334 2293 1405 sunt,

1304 1408 1398 1478 inter
1411 1435 1500 1504 quas
1517 1412 1616 1481 nullo
1633 1416 1742 1483 modo
1759 1417 1939 1500 convenit,
1965 1430 2016 1503 ut,
2042 1417 2194 1492 loannes
2207 1423 2294 1495 scri·

1304 1512 1375 1593 bit,
1400 1511 1553 1584 loannes
1571 1538 1645 1583 non
1660 1517 1802 1600 scribit,
1828 1542 1920 1613 quae
1937 1544 2122 1615 nunqnam
2143 1538 2293 1616 possunt

1305 1616 1431 1684 eodem
1449 1630 1610 1707 tempore
1626 1620 1829 1691 convenire.
1863 1622 1932 1691 Sed
1948 1624 1992 1691 de
2006 1626 2293 1698 contradictoriis

1306 1731 1340 1785 et
1361 1742 1468 1810 supra
1490 1719 1654 1791 diximus.
1704 1717 1747 1789 ln
1763 1717 1818 1789 his
1833 1722 1883 1793 sic
1899 1740 2203 1813 argumentamur.
2254 1727 2293 1799 Si

1306 1843 1429 1889 verum
1446 1835 1498 1890 εει
1513 1823 1803 1912 pronuntiatum:
1828 1824 1958 1895 Caesar
1975 1826 2059 1895 vicit
2068 1830 2296 1922 Pompeium,
2354 1835 2356 1840 ’

1306 1922 1524 2013 impossibile
1563 1937 1615 1992 est
1648 1925 1965 1997 contradictorium
2000 1933 2292 2021 pronuntiatum:

1306 2023 1438 2094 Caesar
1455 2050 1531 2094 non
1550 2025 1635 2095 vicit
1650 2027 1877 2118 Pompeium.
1929 2030 2011 2102 Non
2029 2045 2081 2104 εει
2096 2034 2191 2103 ειιίιιι
2209 2059 2293 2103 con-

1306 2126 1493 2209 tradictio,
1519 2129 1588 2199 nisi
1603 2128 1641 2197 in
1656 2131 1910 2221 pronuntiatis.

1408 2228 1535 2314 Vides,
1570 2255 1663 2325 quae
1693 2233 1739 2302 sit
1767 2233 1804 2301 in
1832 2237 2073 2326 pugnantibus
2106 2261 2295 2331 argumen-

1276 2369 1279 2450 Ι
1306 2331 1406 2399 tandi
1430 2333 1562 2421 figura,
1587 2334 1648 2401 ubi
1671 2335 1879 2424 simpliciter
1904 2338 2017 2406 altero
2045 2345 2232 2433 proposito
2258 2354 2294 2413 et

268 2450 330 2507 aut
353 2439 549 2527 scripturus
570 2435 749 2515 imitetur,
774 2430 878 2500 nobis
896 2430 980 2500 satis
998 2430 1112 2502 visum
1132 2444 1185 2501 est
1199 2431 1253 2498 in·
1276 2473 1279 2512 2
1305 2435 1514 2516 adfirmato,
1541 2437 1692 2503 alterum
1717 2437 1856 2506 tollitur
1876 2451 1909 2505 et
1923 2453 2094 2530 negatur,
2124 2446 2222 2537 quod
2237 2469 2294 2515 ar·

1275 2517 1537 2645 'gumentandi
1560 2560 1669 2626 genus
1697 2538 1842 2629 proprie
1871 2557 2045 2611 vocarunt
2067 2557 2203 2616 veteres
2229 2570 2295 2616 en·

1306 2633 1498 2729 thymema.
1550 2639 1624 2709 Nos
1646 2664 1731 2708 vero
1754 2641 2012 2733 Peripateticos
2034 2648 2142 2715 secuti
2167 2643 2294 2740 enthy-
2317 2669 2323 2690 ¹

1307 2740 1468 2810 memetis
1487 2742 1661 2811 vocabulo
1676 2742 1822 2814 liberius
1838 2745 1891 2815 usi
1906 2770 2039 2817 sumus.

1408 2842 1485 2911 Huc
1514 2843 1696 2934 pertinent
1727 2859 1762 2915 et
1792 2847 2035 2931 differentiae,
2072 2864 2107 2919 et
2128 2853 2290 2922 diversae
2384 2888 2389 2905 ·

1275 2923 1281 3041 l
1305 2942 1457 3034 species,
1484 2944 1521 3012 in
1536 2946 1665 3040 quibus
1679 2972 1819 3021 necesse
1835 2963 1907 3034 est,
1927 2964 1986 3034 nt,
2010 2954 2185 3022 affirmata
2207 2976 2294 3039 uns,

266 2541 399 2610 dicasse
417 2536 689 2629 argumentandi
705 2535 867 2606 modum.
918 2531 1042 2625 Neque
1055 2557 1183 2624 parum
1197 2557 1252 2601 re-

265 2643 355 2725 fert,
383 2662 596 2734 quocnnque
612 2636 796 2730 proposito
813 2631 990 2716 themate,
1015 2634 1134 2705 statim
1155 2657 1253 2705 caus·

266 2768 322 2814 sas
337 2743 524 2812 effectusve
543 2763 775 2831 cognoscere,
798 2737 872 2805 imo
892 2736 1082 2828 peculiaris
1100 2750 1152 2807 est
1168 2760 1251 2829 ope-

266 2868 347 2929 rae,
373 2844 601 2939 perquirere,
627 2868 669 2911 ει
687 2841 816 2936 quibus
832 2841 919 2933 quid
940 2851 1133 2933 sequatur,
1160 2864 1252 2932 qnae
1276 2831 1281 2916 Ι

266 2948 437 3041 cuiusque
452 2947 506 3015 rei
523 2969 687 3028 caussae,
713 2944 776 3037 qui
796 2942 940 3013 effectus
962 2942 1043 3013 sint.

624 3114 896 3206 Pugnantia.

1306 3045 1463 3140 reliquae
1488 3048 1677 3134 tollantur,
1712 3065 1770 3134 ut,
1806 3050 1956 3123 loannes
1979 3050 2091 3124 homo
2115 3070 2185 3138 est,
2219 3080 2292 3125 non
2362 3117 2364 3124 .

1276 3120 1280 3174 Ι
1306 3161 1357 3217 εει
1387 3141 1494 3239 igitur
1516 3150 1674 3221 brutum.
1737 3153 1795 3222 Sic
1824 3157 1868 3222 de
1897 3157 2027 3226 caussis
2057 3181 2199 3237 rerum,
2231 3156 2294 3226 ubi

368 3255 669 3350 Apugnantibus,
692 3265 728 3323 ει
740 3250 953 3344 frequentia,
976 3262 1011 3319 ει
1027 3249 1178 3319 efficacia
1198 3274 1253 3319 ar·
1277 3257 1281 3343 ζ

265 3374 431 3456 gumenta
454 3363 645 3432 ducuntur.
697 3355 744 3452 Et
762 3355 800 3423 in
822 3353 1070 3445 amplificanda
1089 3353 1253 3420 oratione
1277 3346 1280 3437 ζ

264 3466 324 3535 vix
346 3465 409 3535 ulli
434 3463 514 3532 loco
539 3462 619 3553 plus
642 3457 831 3536 tribuitur,
867 3478 973 3545 quam
1000 3455 1253 3545 pugnantibus,
1277 3472 1282 3530 ῑ

264 3568 437 3638 nimirum
468 3565 586 3656 quod,
626 3573 667 3629 ut
700 3559 807 3648 vulgo
842 3555 992 3638 dicitur,
1026 3556 1148 3626 lumen
1173 3553 1281 3669 ora-f

264 3670 377 3752 tioni,
408 3678 462 3757 et,
495 3678 537 3735 ut
559 3662 687 3734 Graeci
712 3661 854 3742 dicunt,
888 3658 1100 3749 enargeian,
1132 3658 1254 3741 idest,
1277 3672 1282 3751 t

1306 3250 1442 3319 alienae
1459 3275 1601 3323 caussae
1618 3253 1811 3338 tolluntur,
1837 3257 1918 3327 licet
1933 3259 2188 3347 argumentari.
2223 3260 2293 3328 Or-

1307 3365 1361 3420 tus
1378 3354 1462 3422 solis
1476 3366 1527 3423 εει
1542 3356 1612 3422 diei
1630 3380 1770 3439 caussa,
1795 3382 1869 3426 non
1886 3359 1995 3447 igitur
2009 3373 2107 3431 ortus
2125 3363 2242 3430 lunae.

1715 3505 1883 3599 simne.

1408 3658 1584 3727 Sirnilluru
1603 3662 1778 3732 rationem
1797 3664 1977 3757 attigimus
1992 3667 2175 3757 superiore
2188 3668 2295 3754 libro,

227 3786 231 3791 '
264 3769 569 3865 perspicuitatem,
595 3789 656 3837 seu
672 3763 887 3836 evidentiam
904 3761 1124 3848 afferuuttt).
1163 3760 1255 3855 Quis
1277 3776 1281 3845 ᾖ
1306 3761 1366 3830 ubi
1387 3763 1431 3829 de
1452 3762 1622 3853 exemplis
1651 3778 1768 3834 actum
1792 3782 1855 3837 εει.
1913 3768 2025 3838 Eteri
2051 3771 2295 3844 similitudinis

266 3875 362 3944 enim
387 3895 462 3943 non
478 3870 606 3941 clarius
621 3867 794 3961 percipiat
811 3866 892 3936 belli
908 3866 1023 3946 mala,
1050 3865 1078 3934 si
1095 3888 1173 3932 cvrm
1190 3890 1253 3956 pa·
1306 3865 1384 3933 loco
1401 3877 1596 3935 nascuntur
1610 3867 1678 3934 loci
1694 3870 1804 3959 paris,
1829 3871 1987 3955 maioris,
2011 3897 2052 3939 ac
2068 3875 2231 3957 minoris,
2254 3887 2294 3944 ut

202 3983 211 3992 “
267 3976 315 4048 cis
332 3975 530 4046 commodis
546 3969 801 4044 conferantur?
1276 3966 1281 4067 ξ
1305 3966 1549 4059 Quintilianus
1570 3968 1714 4040 indicat.

366 4078 520 4148 Formae
544 4075 780 4169 pugnantium
810 4083 965 4164 quatuor
994 4070 1100 4161 vulgo
1129 4095 1281 4192 nume·¹
1409 4069 1623 4154 amatore,
1656 4073 1695 4140 Si
1718 4076 1918 4145 adulterum
1944 4078 2104 4146 occidere
2132 4081 2232 4161 licet,
2259 4092 2294 4149 et

267 4193 404 4252 rantur.
456 4178 725 4260 Relativorum,
750 4187 811 4258 ut,
836 4184 940 4267 pater
955 4185 990 4242 et
1004 4170 1117 4254 lilius,
1141 4173 1254 4265 aqui·
1278 4196 1283 4297 q
1306 4173 1483 4241 latronem
1502 4173 1587 4243 loris
1604 4177 1750 4245 caedere
1765 4176 1895 4246 licebit.
1936 4177 1988 4247 Ex
2007 4179 2158 4262 minore,
2185 4180 2223 4252 Si
2239 4183 2293 4250 fu·

266 4286 333 4355 bus
347 4278 504 4353 trahitur
517 4293 766 4371 argumentum
785 4277 822 4345 in
838 4273 934 4345 hunc
959 4277 1123 4343 modum:
1160 4274 1254 4345 Con·
1308 4299 1381 4342 rem
1407 4287 1623 4346 nocturnum
1646 4278 1805 4347 occidere
1834 4280 1935 4360 licet,
1976 4281 2061 4373 quid
2090 4281 2293 4349 latronem?

266 4386 442 4458 stantinus
459 4382 657 4455 Constantii
673 4393 775 4472 pater
791 4393 855 4461 est,
881 4378 973 4447 filius
991 4400 1076 4467 ergo
1092 4401 1254 4447 essenon
1307 4375 1359 4445 Ex
1383 4376 1518 4445 maiore
1540 4379 1702 4469 negative
1726 4381 1843 4451 minus
1857 4382 2056 4472 colligitur,
2083 4397 2141 4466 ut,
2169 4382 2294 4452 Cicero

267 4494 396 4582 potest.
435 4487 480 4558 Et
498 4510 653 4567 rursum,
676 4482 904 4553 Constantius
920 4479 1147 4550 Constantini
1163 4481 1255 4552 filius
1306 4503 1381 4546 non
1401 4480 1644 4570 persuasisset,
1670 4483 1783 4552 multo
1806 4483 1924 4553 minus
1948 4485 2162 4573 persuaserit
2178 4509 2295 4576 gram-

269 4606 339 4675 εει,
365 4605 468 4684 pater
491 4613 575 4680 ergo
599 4611 672 4659 esse
696 4584 831 4678 nequit.
883 4581 1130 4651 Relativorum
1152 4597 1254 4653 natu·
1307 4579 1456 4650 maticus
1483 4581 1623 4676 aliquis.
1675 4582 1730 4652 Ex
1752 4586 1890 4654 minore
1914 4585 2092 4676 colligitur
2115 4589 2295 4658 maiusaf·

268 4718 345 4764 ram
362 4708 468 4787 atque
484 4692 661 4761 rationem
674 4702 772 4783 petes
788 4711 807 4755 ε
825 4685 1132 4779 praedicamentis.
1307 4686 1495 4765 firmative,
1521 4699 1572 4768 ut,
1599 4684 1665 4755 llic
1679 4687 1931 4777 grammaticus
1947 4690 2132 4780 persuasit,
2158 4705 2295 4784 quanto

370 4795 664 4876 Contrariorum,
704 4814 796 4883 quae
836 4799 1034 4880 pugnantes
1067 4788 1255 4879 qualitates
1279 4818 1284 4935 q
1306 4785 1445 4856 facilius
1463 4789 1693 4878 persuasisset
1710 4788 1857 4860 Cicero?

268 4912 371 4982 sunt,
402 4913 458 4982 ut,
493 4897 671 4980 calidum,
701 4893 891 4985 trigidum,
925 4891 1066 4972 album,
1100 4892 1255 4983 nigrum.
1408 4887 1568 4980 Experi,
1596 4889 1698 4983 Quae
1714 4916 1827 4984 poena
1846 4895 2014 4963 adversus
2032 4893 2293 4963 interfectorem

269 5001 308 5070 ln
325 5001 452 5095 quibus
473 5013 568 5071 recte
584 4992 888 5091 argumentaberis
907 4988 975 5062 hoc
997 4994 1124 5064 modo:
1151 4994 1254 5086 Aqua
1308 4989 1420 5081 patris
1450 4989 1540 5062 iusta
1572 5007 1641 5075 est,
1677 4996 1800 5062 eadem
1831 5000 1999 5066 adversus
2030 4997 2292 5065 interfectorem

269 5104 382 5173 calida
402 5118 475 5187 est,
501 5103 628 5195 frigida
647 5101 755 5192 igitur
769 5120 843 5169 esse
858 5118 933 5165 non
949 5107 1077 5188 potest.

371 5206 643 5288 privationum,
666 5227 757 5298 quae
774 5225 853 5269 cum
870 5197 995 5268 formis
1009 5210 1169 5289 pugnant
1185 5195 1255 5295 (se-

271 5332 363 5402 quor
394 5309 489 5376 enim
518 5323 550 5376 et
576 5305 632 5377 hic
656 5305 751 5394 vulgi
777 5302 933 5396 morem)
956 5313 1014 5382 ut,
1048 5299 1196 5371 caecitas
1221 5312 1256 5369 et

272 5469 303 5481 ρ.
318 5466 475 5479 „oar-moun·-

304 5561 354 5628 98)
369 5558 549 5622 metensisfl
568 5557 617 5608 td.
628 5556 654 5608 t.
673 5560 732 5619 typ.
749 5565 863 5605 errore:
885 5552 1047 5612 efficientes,

305 5645 354 5712 tt)
372 5649 472 5699 annot.
491 5653 594 5710 rssrg:
617 5639 767 5695 contraris
782 5637 940 5691 tttocttsot.
1027 5678 1031 5685 .

1310 5091 1433 5162 matris
1458 5093 1571 5163 videri
1594 5095 1683 5166 iusta
1707 5097 1822 5166 debet.

1411 5195 1526 5286 Supra
1569 5199 1841 5280 admonuimus,
1886 5203 1929 5267 ad
1969 5200 2098 5269 similia
2134 5200 2292 5291 exempla

1308 5299 1511 5368 referendas
1545 5324 1618 5370 esse
1653 5301 1864 5392 parabolas,
1905 5303 2057 5372 morales
2090 5302 2296 5384 sententias,

1309 5396 1630 5492 apophthegmata,
1664 5398 1733 5472 hoc
1754 5415 1826 5487 est,
1854 5404 1938 5473 scite
1962 5405 2077 5487 dicta,
2111 5403 2324 5495 apologos„

1309 5501 1466 5585 fabulas,
1499 5515 1535 5572 et
1556 5504 1731 5599 quidquid
1753 5501 1808 5576 his
1830 5518 2019 5597 cognatum
2041 5518 2112 5585 est,
2138 5527 2294 5596 quornm

1309 5603 1485 5674 rationem
1505 5601 1664 5708 rhetores
1683 5607 1938 5699 praescribunt.
1991 5605 2037 5676 Et
2051 5608 2095 5675 de
2110 5605 2197 5677 locis
2216 5605 2295 5699 qui-
