5125 6525
258 409 371 492 soa*
912 404 1037 481 xcvr.
1098 400 1433 476 enaurnn'ncn
1464 400 1656 474 nnuma,
2224 407 2299 484 soa

260 603 333 646 sem
359 581 505 661 quandam
536 583 566 639 in
595 598 664 656 nos,
692 589 754 637 tum
777 589 858 637 certo
880 577 1008 655 quodam
1030 575 1149 633 consilio
1171 574 1332 634 connivere
1354 574 1501 634 interdum
1524 532 1622 634 Deum
1642 575 1679 634 ad
1702 575 1851 635 homiuum
1873 578 2024 636 audaciam
2047 588 2078 636 et
2100 580 2231 655 scelera,
2259 594 2303 657 ut,

263 668 510 750 quemadmodum
535 666 605 724 dicit
625 665 724 738 idern,
752 664 833 720 cuins
854 663 944 740 paulo
966 672 1036 719 ante
1059 661 1194 734 memini,
1222 660 1452 735 Demosthenes,
1479 662 1533 718 sibi
1556 663 1585 717 in
1609 661 1840 720 consideratione
1862 682 1993 722 summae
2022 664 2189 721 dementiae
2211 665 2305 724 Athe·

262 755 408 816 niensium
431 768 522 828 saepe
544 750 667 809 subiisse
691 744 901 827 φοβεῖσθαι,
929 739 975 825 μή
996 763 1030 804 τι
1051 736 1232 822 δαιμόνιον
1251 738 1295 802 ια
1318 739 1505 825 πράγματα
1525 740 1670 834 ἐλαύνῃ,
1699 749 1739 805 ita
1762 768 1814 807 uos
1836 760 1916 806 certo
1938 761 2098 808 statuamus
2120 748 2194 807 haec
2215 751 2305 827 mala,

263 858 387 920 quorum
410 838 516 915 partim
538 835 658 909 dolore,
696 835 803 910 partim
833 843 913 890 metu
944 849 1134 906 exercemur,
1169 849 1226 887 non
1249 829 1379 887 existere
1401 830 1537 908 fortuito,
1574 833 1628 890 sed
1650 833 1737 891 certis
1760 833 1799 891 de
1821 834 1913 891 causis
1933 854 1952 893 a
1973 836 2037 892 Deo
2060 834 2174 892 immitti
2199 837 2306 913 generi

261 926 410 994 hnmano,
432 932 463 979 et
484 921 617 998 permitti
638 928 672 976 nt
693 917 845 994 diabolus,
873 928 958 975 antor
977 917 1193 990 calamitatum,
1230 914 1341 973 saarim
1365 913 1522 992 aliquando
1544 917 1574 974 in
1598 920 1685 976 terris
1707 919 1871 978 immanius.
1928 923 1970 977 hc
1992 938 2057 976 cnm
2080 939 2133 977 nos
2155 923 2305 998 cupiamus

262 1027 331 1072 esse
351 1010 383 1067 in
405 1025 508 1065 eorum
531 1022 671 1080 numero,
701 1004 751 1081 qui
774 1003 882 1062 Christi
903 1002 1030 1078 primum
1052 1001 1160 1078 ipsius,
1193 997 1303 1058 deinde
1325 1001 1531 1077 Apostolorum
1552 1004 1709 1078 praeconio
1731 1005 1883 1061 convocati
1911 1005 2015 1078 fuere,
2051 1015 2082 1062 et
2109 1022 2187 1061 nnnc
2215 1007 2306 1066 etiam

263 1096 362 1157 verbis
382 1093 502 1150 illorum
526 1100 739 1162 convocantur,
766 1090 816 1166 qni
838 1099 884 1146 est
903 1098 1003 1144 coetus
1025 1086 1207 1145 Christianus
1229 1093 1260 1143 et
1280 1086 1406 1143 ecclesia
1427 1086 1500 1162 Dei,
1528 1105 1588 1143 non
1610 1088 1741 1166 querelis
1764 1102 1794 1147 et
1817 1108 1870 1146 nos
1892 1100 1922 1147 et
1943 1090 2015 1147 alios
2037 1089 2220 1166 defatigare,
2251 1090 2305 1152 sed

262 1182 320 1242 hoe
342 1194 433 1256 agere
455 1187 486 1236 et
508 1175 654 1254 perficere
676 1173 836 1251 dehemus,
866 1183 899 1230 nt
921 1173 1076 1231 veritatem
1098 1170 1246 1247 colamus,
1268 1182 1300 1229 et
1322 1169 1414 1229 fidem
1435 1171 1499 1229 Deo
1521 1185 1721 1249 praestemus,
1756 1184 1787 1232 et
1815 1172 1886 1232 freti
1908 1175 2107 1233 misericordia
2129 1176 2208 1232 iliius
2234 1194 2305 1232 con·

265 1268 401 1327 sistamus
431 1262 557 1339 quisque
584 1261 649 1317 loco
678 1277 746 1334 sno,
782 1278 842 1317 non
870 1258 965 1316 solum
987 1257 1121 1331 fortiter,
1155 1265 1295 1335 tanquam
1317 1257 1347 1313 in
1369 1257 1433 1314 acie
1455 1260 1632 1334 pugnaturi,
1665 1260 1690 1317 si
1712 1275 1835 1318 necesse
1856 1260 1909 1336 sit,
1947 1260 2000 1318 sed
2022 1260 2193 1337 perpessuri
2215 1262 2305 1318 etiam

265 1365 462 1432 quaecunque
482 1347 577 1404 oblata
599 1344 728 1419 fuerint,
758 1346 886 1403 scientes
908 1344 1021 1417 Deum,
1051 1344 1101 1419 qui
1122 1351 1246 1419 propter
1268 1341 1362 1400 filium
1385 1361 1437 1400 nos
1461 1343 1668 1401 benevolentia
1688 1362 1740 1402 sua
1770 1344 1941 1422 complexus
1968 1343 2041 1419 fnit,
2076 1364 2135 1402 non
2168 1363 2255 1421 posse
2285 1361 2305 1402 a

264 1428 436 1496 nobis‘esse
457 1433 602 1489 alienum:
631 1430 669 1489 Et
690 1429 770 1487 hunc
790 1439 1030 1487 conservaturum
1053 1426 1169 1485 Christo
1192 1446 1244 1484 suo
1265 1428 1419 1505 proprium
1443 1438 1575 1504 coetum,
1611 1431 1640 1485 in
1664 1449 1722 1506 qno
1744 1430 1835 1507 ipsius
1858 1430 1962 1488 caritas
1985 1439 2017 1488 et
2039 1430 2160 1504 merita,
2194 1448 2230 1487 ac
2251 1432 2305 1489 be·

264 1521 374 1581 neheia
394 1516 617 1576 inaestimabilia
640 1524 787 1593 perpetuo
809 1513 1034 1593 praedicentur,
1069 1522 1101 1569 et
1123 1511 1261 1569 laudetur
1281 1513 1347 1589 ipse
1368 1523 1454 1591 pater
1482 1512 1592 1570 domini
1620 1524 1651 1572 et
1681 1514 1844 1572 liberatoris
1874 1514 1964 1572 nostri
1986 1513 2051 1572 lesu
2075 1512 2203 1589 Christi,
2237 1533 2305 1573 cum

259 1617 366 1665 ¹saneto
387 1604 501 1681 spiritu.
558 1602 613 1658 Hic
643 1616 744 1678 neque
774 1600 884 1658 durare
911 1615 1010 1676 neque
1041 1596 1177 1655 constitui
1200 1597 1264 1654 sine
1286 1598 1445 1655 scolasticis
1467 1600 1674 1675 conventibus,
1709 1609 1740 1657 et
1762 1600 1900 1657 bonarum
1923 1600 2031 1657 artium
2053 1599 2168 1657 cultura
2190 1610 2304 1675 potesta

268 1691 459 1767 Quapropter
480 1687 558 1744 idem
580 1687 662 1744 Deus
684 1693 785 1743 noster
809 1686 897 1743 etiam
920 1684 1024 1741 harum
1046 1698 1147 1740 curam
1169 1693 1272 1757 geret,
1300 1694 1330 1741 et
1352 1682 1504 1760 perficiet,
1526 1695 1560 1741 ut
1580 1683 1691 1762 aliquas
1714 1684 1802 1742 sedes
1822 1684 1968 1758 habeant,
1989 1684 2020 1740 in
2043 1683 2147 1760 quibus
2170 1684 2305 1742 exerceri

268 1788 359 1854 atque
380 1772 501 1830 tractari
521 1774 645 1849 possint.
694 1770 770 1827 Nam
793 1769 910 1847 siquid
933 1778 978 1827 est
1001 1769 1061 1827 vitii
1082 1768 1111 1824 in
1135 1782 1185 1841 re,
1213 1766 1263 1824 vel
1284 1768 1308 1825 si
1330 1769 1380 1846 qui
1402 1768 1479 1825 docti
1500 1779 1550 1826 aut
1571 1787 1588 1827 a
1611 1771 1775 1848 cognitione
1798 1780 1829 1828 et
1849 1770 1963 1827 honore
1985 1768 2042 1827 Dei
2066 1784 2132 1826 sese
2155 1779 2305 1842 avertunt,

269 1872 320 1919 aut
342 1858 381 1917 ad
401 1857 556 1914 veritatem
586 1854 813 1934 oppugnandam
838 1865 1032 1929 convertunt,
1063 1852 1103 1910 de
1132 1852 1167 1909 iis
1196 1849 1333 1910 iudicium
1361 1854 1561 1931 relinquamus
1590 1848 1638 1935 aqi
1664 1847 1757 1936 μόνῳ
1787 1844 1915 1933 ἀληθεῖ
1943 1851 2053 1933 κριτῇ,
2088 1870 2177 1929 quem
2204 1868 2305 1930 neque

268 1946 352 2005 fraus
374 1943 463 1999 tillius
483 1940 593 1999 fallere
616 1958 714 2019 neque
736 1940 905 2017 improbitas
928 1938 1064 2017 effugere
1085 1938 1211 2014 poterit,
1246 1949 1377 1996 nostrum
1408 1956 1478 1997 vero
1507 1940 1632 2017 quisque
1659 1941 1752 1999 veluti
1780 1942 1810 1997 in
1838 1942 1901 1999 acie
1923 1958 1957 1997 ac
1979 1920 2081 1999 cas'tris
2102 1956 2186 1996 suum
2209 1939 2305 1995 locum
2337 1923 2349 1942 '

270 2040 373 2089 teneat
394 2037 425 2085 et
445 2038 610 2103 exequatur
631 2045 737 2084 munus
759 2044 853 2083 suum.
897 2021 1010 2083 Omnes
1033 2034 1130 2082 autem
1153 2039 1206 2098 spe
1228 2034 1309 2081 certa
1331 2042 1385 2080 nos
1406 2034 1604 2083 sustentemus
1625 2026 1731 2083 amoris
1751 2026 1808 2084 Dei
1831 2043 1903 2102 erga
1924 2008 2139 2102 nos,'propter
2156 2023 2306 2081 Christum
2343 2082 2345 2086 ,

271 2115 321 2193 qni
340 2113 425 2171 ¹venit
445 2113 474 2167 in
498 2111 576 2168 hunc
598 2111 754 2185 mundum,
785 2122 817 2167 nt
838 2108 985 2168 deformes
1006 2110 1135 2185 peccatis
1158 2119 1189 2164 et
1212 2109 1372 2167 sceleribus
1398 2110 1527 2187 pollutos
1549 2121 1580 2168 et
1602 2108 1719 2188 flagitiis
1741 2112 1905 2188 inquinatos
1927 2111 2062 2168 ablueret
2084 2121 2115 2166 et
2137 2107 2305 2166 mundaret.

236 2211 238 2216 “
270 2200 304 2257 ln
327 2199 413 2256 buius
433 2198 523 2274 igitur
544 2194 624 2272 fide,
653 2197 722 2271 illa,
751 2213 840 2272 quam
862 2195 939 2271 disi,
967 2211 1021 2271 spe
1043 2212 1096 2251 nos
1120 2193 1306 2250 consolemur
1328 2204 1360 2252 et
1381 2197 1516 2271 precibus
1540 2196 1738 2253 incumbamus
1760 2198 1929 2254 invocantes
1951 2205 2038 2275 ope'm
2059 2194 2116 2252 Dei
2139 2194 2246 2267 nostri,
2273 2193 2303 2249 in

271 2283 316 2341 his
337 2282 538 2341 communibus
561 2284 652 2341 tantis
671 2281 795 2338 miaeriis
816 2291 847 2337 et
868 2281 1016 2338 aerumnis
1037 2279 1164 2356 propriis
1186 2278 1304 2336 nostris.
1345 2279 1537 2357 Nequaquam
1560 2293 1659 2340 autem
1681 2282 1883 2339 existimemus
1904 2282 1933 2339 in
1957 2280 2117 2340 studiorum
2140 2288 2305 2336 nostrornm

273 2369 360 2427 mon
383 2366 512 2426 exordiis
535 2377 566 2422 et
588 2368 689 2442 primis
709 2366 867 2423 elementis
889 2365 1016 2436 versari,
1044 2374 1095 2420 ant
1117 2363 1180 2418 Deo
1204 2363 1300 2420 minus
1321 2371 1435 2438 gratum
1454 2372 1504 2420 ant
1526 2365 1609 2421 nobis
1630 2364 1816 2422 inhonestum
1840 2384 1918 2424 esse.
1967 2366 2028 2421 lmo
2049 2366 2124 2422 haec
2146 2365 2209 2440 ipsa
2233 2363 2305 2419 fun·

272 2453 411 2511 damenta
433 2452 562 2508 fideliter
585 2462 617 2507 et
639 2459 774 2506 accurate
796 2448 988 2520 collocemus,
1021 2463 1113 2523 super
1135 2446 1240 2522 quibus
1262 2445 1420 2523 aliquando
1445 2448 1577 2504 aedificia
1599 2450 1751 2523 praeclara
1774 2450 1923 2507 doctrinae
1947 2460 2137 2523 extruantur,
2176 2459 2208 2505 nt
2229 2465 2306 2525 puer

270 2537 362 2616 posn't
384 2535 557 2612 perdiscere
580 2551 633 2608 ea,
660 2535 764 2608 quibus
786 2523 863 2608 μετ’
886 2521 1001 2605 ὀλίγον
1021 2519 1104 2607 ἀνὴρ
1125 2524 1308 2605 γενόμενος
1329 2542 1443 2605 utatur,
1472 2548 1530 2589 neu
1554 2534 1689 2610 requirat
1706 2545 1783 2608 tunt,
1805 2546 1837 2592 ut
1859 2535 1958 2591 multis
1977 2534 2097 2608 accidit,
2120 2533 2203 2609 quasi
2223 2526 2306 2610 ἐφό-

246 2614 346 2682 1διον
367 2620 517 2679 doctrinae
540 2636 606 2674 curn
626 2618 657 2674 iu
680 2616 776 2675 medio
803 2618 859 2673 iam
888 2617 996 2674 itinere
1025 2617 1202 2674 versabitur.
1259 2616 1362 2692 ltaque
1389 2634 1488 2692 neque
1516 2636 1564 2675 me
1593 2618 1689 2694 piguit
1717 2620 1844 2695 puerilia
1870 2618 1966 2676 studia
1995 2620 2081 2675 etiam
2111 2617 2307 2693 grammaticis

268 2702 541 2784 praeceptionenlis
562 2702 728 2776 instruere,
756 2718 855 2776 neque
876 2701 954 2757 illius
973 2718 1082 2775 operae
1103 2702 1207 2777 pudet.
1251 2701 1319 2758 Tibi
1339 2698 1457 2776 quidem
1486 2719 1541 2777 ago
1571 2703 1697 2778 gratias,
1730 2723 1794 2761 cum
1825 2723 1905 2761 meos
1935 2703 2052 2762 libellos
2074 2703 2123 2760 edi
2144 2717 2244 2777 curas,
2274 2709 2306 2756 et

268 2789 482 2849 dexteritatem
501 2784 714 2861 Chalcographi
736 2788 825 2843 vestri
848 2796 898 2842 tua
918 2784 1060 2842 industria
1084 2785 1215 2845 adiuvas.
1262 2786 1370 2860 Neque
1391 2785 1548 2843 admodum
1572 2787 1686 2864 laboro,
1723 2803 1820 2846 unum
1842 2789 1949 2846 iudicio
1970 2805 2041 2846 vero
2062 2806 2100 2844 an
2122 2787 2305 2845 benevolen-

270 2876 310 2934 tis
332 2882 449 2928 tantum
470 2870 542 2926 mihi
562 2870 690 2943 tribuas,
712 2887 812 2946 neque
834 2870 923 2928 facile
946 2870 1066 2944 dixero,
1088 2881 1187 2927 utrum
1210 2872 1350 2928 maiorem
1374 2870 1443 2928 inihi
1465 2870 1643 2948 voluptatem
1666 2874 1825 2934 allaturum
1846 2891 1913 2931 esse
1935 2874 2079 2933 videatur.
2122 2871 2197 2949 Legi
2216 2872 2305 2930 etiam

271 2974 367 3035 super
389 2954 544 3030 epistolam
567 2966 665 3027 tuam,
699 2972 788 3031 quam
811 2954 912 3012 libello
934 2964 1034 3011 nostro
1056 2954 1268 3013 Grammatices
1289 2954 1425 3012 Graecae
1446 2958 1591 3031 praeponi
1614 2958 1747 3032 voluisti,
1777 2959 1915 3036 scriptam
1937 2958 2092 3036 perbelle,
2122 2970 2212 3034 atque
2234 2951 2306 3014 mihi

272 3041 359 3102 valde
383 3039 494 3116 placuit
515 3039 674 3096 voluntatis
696 3049 765 3096 tuae
787 3041 950 3096 constantia
970 3055 1043 3114 erga
1062 3037 1142 3096 hanc
1162 3052 1295 3117 partem,
1318 3056 1394 3116 qnae
1415 3044 1612 3100 contemnitur
1634 3055 1665 3102 et
1687 3046 1771 3121 parvi
1796 3044 1829 3102 stt
1850 3063 1868 3101 a
1888 3044 2033 3121 plurimis.
2076 3044 2164 3102 Nunc
2185 3041 2305 3116 quidem

273 3125 349 3205 quod
372 3125 449 3201 petis
472 3136 502 3180 ut
525 3124 669 3199 obsequar
691 3122 836 3180 desiderio
856 3124 954 3200 Papae
976 3137 1006 3180 et
1030 3124 1080 3180 tihi
1102 3124 1267 3201 gratificer,
1304 3125 1333 3181 in
1356 3142 1391 3182 eo
1415 3140 1446 3184 et
1470 3126 1596 3185 libenter
1619 3138 1649 3187 et
1671 3129 1778 3205 cupide
1800 3147 1914 3187 morem
1935 3130 1986 3187 tibi
2007 3147 2126 3205 geram,
2154 3127 2212 3183 imo
2233 3144 2305 3201 per·

272 3212 355 3279 mitto
378 3219 475 3267 vestro
497 3208 617 3267 arbitrio
639 3218 729 3266 totam
754 3208 914 3267 editionem
937 3209 1030 3267 libelli
1052 3209 1127 3287 mei,
1155 3209 1193 3269 de
1216 3230 1273 3288 quo
1297 3211 1434 3288 quicquid
1457 3213 1593 3291 egeritis,
1628 3213 1659 3270 id
1688 3213 1797 3291 recipio
1826 3231 1873 3272 me
1904 3225 1998 3272 ratum
2021 3212 2199 3287 firmumque
2220 3209 2304 3268 babi-

273 3307 389 3368 turum,
416 3295 593 3371 ueletiam,
623 3306 655 3353 ut
677 3281 914 3372 ἁπλούστερον
935 3295 1045 3369 dicam,
1074 3312 1254 3372 magnopere
1275 3306 1307 3353 et
1328 3313 1382 3372 per
1405 3300 1500 3355 omnia
1529 3301 1718 3375 probaturum
1750 3316 1826 3356 esse.
1881 3302 1923 3355 Ac
1953 3317 2001 3354 me
2031 3315 2095 3354 cum
2125 3295 2180 3351 hoc
2208 3295 2304 3351 studio

273 3391 372 3441 vestro
392 3379 490 3436 ornari
511 3390 641 3453 constet,
671 3379 749 3481 quod
772 3389 832 3437 tam
853 3381 965 3438 solicite
990 3393 1108 3456 peteres
1136 3381 1251 3438 renim
1278 3381 1417 3438 editionis
1446 3381 1520 3438 nihil
1551 3392 1625 3441 erat.
1660 3384 1726 3460 quis
1755 3384 1832 3439 enim
1863 3394 1926 3457 est,
1961 3384 2011 3459 qni
2038 3382 2130 3439 soleat
2160 3377 2304 3455 refragari

273 3466 377 3525 honori
405 3459 480 3525 suoi
516 3456 627 3524 ἔνεστι
652 3482 718 3545 γαρ
747 3457 788 3543 δὴ
816 3452 880 3523 ssia
908 3461 1005 3530 θεῶν
1031 3463 1122 3538 χίνει
1148 3457 1245 3537 τόδε,
1275 3458 1461 3540 τιμώμενοι
1479 3462 1651 3545 χαίρουσι,
1687 3467 1848 3525 secondum
1872 3461 2029 3546 σκηνικὸν
2052 3457 2248 3545 φιλόσοφον
2263 3461 2305 3540 *).

273 3551 334 3612 Sed
363 3547 402 3609 de
428 3549 475 3607 his
507 3551 586 3608 satis.
635 3550 745 3627 Scripsi
773 3560 871 3608 autem
901 3561 933 3608 et
953 3550 1068 3625 Papae,
1105 3561 1137 3606 nt
1167 3549 1317 3608 cumulate
1342 3549 1542 3609 satisfacerem
1572 3552 1716 3609 voluntati
1745 3564 1870 3612 vestrae.
1918 3552 2014 3610 Etiam
2043 3552 2232 3625 dubitabam,
2266 3567 2304 3605 an

274 3648 474 3716 perventurae
502 3645 604 3692 essent
630 3635 704 3692 istuc
730 3636 836 3693 literae
865 3652 949 3693 meae
976 3643 1047 3693 ante
1074 3633 1281 3693 discessionem
1310 3648 1408 3709 tuam,
1446 3638 1502 3695 etsi
1530 3655 1612 3694 eram
1633 3638 1663 3693 in
1686 3654 1722 3694 ea
1745 3639 1883 3716 opinione
1905 3649 1935 3696 te
1956 3639 2073 3696 omnino
2095 3634 2304 3695 Btsllorhodum

273 3732 517 3799 expectaturum,
538 3736 638 3796 neque
658 3721 722 3777 sine
743 3720 795 3778 illo
818 3720 866 3778 vel
888 3720 979 3793 duce,
1000 3719 1048 3776 vel
1070 3720 1176 3777 comite
1196 3721 1253 3778 iter
1275 3720 1354 3780 istud
1376 3721 1574 3798 ingressurum
1597 3739 1678 3796 esse,
1706 3723 1744 3780 ad
1767 3725 1844 3801 quod
1868 3724 1987 3800 quidem
2008 3723 2085 3801 quod
2108 3723 2230 3794 attinet,
2252 3738 2305 3776 cn-

272 3808 374 3886 piore
396 3805 524 3865 feliciter
547 3805 598 3861 illo
621 3804 755 3863 confecto
777 3823 864 3882 quam
886 3806 1012 3882 primum
1035 3805 1134 3863 redire
1156 3805 1192 3863 ad
1216 3817 1298 3881 tuos,
1327 3804 1383 3863 καὶ
1405 3801 1490 3885 πρὸς
1511 3802 1571 3887 τὴν
1593 3802 1819 3888 σχολαστιιιιὶν
1840 3803 2074 3888 παλαίστραν,
2103 3809 2185 3865 cuins
2206 3805 2305 3862 humi-

271 3893 357 3951 litate
379 3902 409 3949 et
431 3891 558 3967 pulvere
580 3891 638 3947 scio
661 3907 760 3968 neque
781 3893 992 3967 praestantiam
1014 3906 1112 3968 neque
1134 3890 1324 3967 splendorem
1348 3891 1438 3949 ullum
1468 3911 1533 3951 esse
1563 3896 1706 3971 potiorem
1734 3896 1830 3952 animo
1861 3905 1921 3953 tuo.
1980 3896 2060 3953 Deus
2082 3903 2168 3972 pater
2189 3889 2306 3949 Domini
2412 3958 2414 3964 Ι

271 3977 366 4036 nostri
385 3977 453 4037 lesu
475 3973 583 4034 Christi
605 3986 635 4033 te
658 3975 811 4033 custodiat.
853 3974 939 4034 Vale.
981 3975 1077 4033 Tuam
1099 3974 1240 4033 familiam
1260 3978 1427 4035 universam
1451 3991 1584 4037 amanter
1605 3980 1709 4038 saluto.
1760 3980 1865 4039 Comes
1894 3992 1992 4038 noster
2020 3981 2050 4037 in
2078 3979 2176 4036 animo
2197 3975 2305 4034 habeat

272 4062 449 4125 nntentmm
470 4061 702 4138 aristotelicam,
738 4048 790 4120 bu
812 4047 832 4118 ὃ
857 4053 1033 4140 διαφέρων
1062 4052 1183 4136 ἐξόχως
1204 4050 1307 4162 ἀρειῇ
1328 4056 1397 4120 cciv
1418 4053 1551 4139 ἄλλων,
1586 4061 1682 4124 ἐστὶν
1703 4053 1814 4147 &cnsp
1836 4059 1921 4134 dede
1942 4062 1980 4126 iv
2002 4055 2219 4146 ἀνθρώποις,
2247 4078 2304 4137 quo

272 4149 363 4226 magis
383 4157 464 4206 amet
484 4146 667 4224 disciplinam
689 4157 721 4204 et
742 4146 851 4224 gratias
873 4160 942 4225 agat
963 4147 1044 4221 Deo,
1066 4164 1131 4204 cum
1153 4147 1267 4223 copiam
1288 4149 1346 4223 apsi
1367 4146 1438 4205 fecit
1459 4148 1622 4225 evadendi,
1656 4143 1705 4218 είς
1726 4147 1814 4222 ζῶον
1834 4144 2035 4225 θειότατον,
2068 4145 2201 4226 τυχόντι
2224 4162 2305 4203 παι-

274 4223 509 4313 demde-9513,
538 4240 571 4289 ut
591 4232 632 4290 ait
652 4231 737 4290 Plato
749 4230 808 4312 ⁴³).
851 4228 964 4291 lterum
985 4231 1062 4291 vale.
1094 4230 1161 4289 XV.
1180 4232 1244 4290 Cal.
1266 4232 1458 4307 Novembris,
1486 4233 1515 4291 id
1538 4246 1599 4310 est,
1620 4236 1716 4293 altero
1736 4237 1786 4293 die
1808 4246 1964 4316 postquam
1986 4248 2050 4295 tuas
2071 4250 2254 4310 acceperam.

447 4399 635 4482 Philippus
657 4396 898 4462 Melanclsthon
918 4397 1052 4462 honesto
1080 4396 1163 4463 Viro
1191 4396 1368 4462 Valentino
1388 4398 1509 4480 Papae
1533 4399 1791 4483 cbozcograpbo
1812 4402 1992 4483 Lipsessss',
2021 4400 2058 4464 S.
2078 4399 2123 4462 D.

402 4522 584 4601 Significavit
605 4523 674 4580 mihi
699 4523 859 4580 loachimus
880 4522 1080 4597 Camerarius,
1118 4521 1165 4578 cui
1187 4532 1266 4578 tuam
1296 4519 1464 4599 diligentiae
1492 4535 1525 4581 et
1552 4525 1713 4584 industriae
1743 4544 1861 4602 operam
1895 4525 1983 4583 valde
2011 4524 2129 4603 probari
2157 4522 2304 4595 intellexi,

271 4611 319 4668 Te
340 4626 451 4689 cupere
473 4607 527 4666 hoc
550 4619 685 4687 tempore
707 4609 844 4667 emittere
866 4610 895 4666 in
925 4607 1041 4666 officina
1070 4619 1123 4666 tua
1151 4605 1330 4664 elaboratum
1360 4607 1494 4666 libellum
1515 4610 1731 4669 Grammaticae
1752 4611 1880 4669 Latinae
1911 4628 2026 4687 meum,
2064 4611 2103 4668 ita
2133 4607 2252 4687 quidem
2280 4607 2305 4665 si

271 4695 329 4753 hoc
348 4696 419 4754 mihi
440 4713 499 4752 non
521 4694 697 4753 contrarium
719 4693 851 4753 futurum
873 4695 919 4753 sit.
962 4693 1026 4773 Ego
1050 4709 1136 4764 vero,
1173 4692 1228 4749 etsi
1249 4710 1303 4769 pro
1326 4708 1362 4750 ea
1383 4693 1523 4770 amicitia,
1560 4714 1636 4773 quae
1665 4694 1735 4753 mihi
1764 4714 1829 4753 cum
1854 4693 1998 4755 loachimo
2027 4709 2070 4755 tot
2098 4692 2181 4754 annis
2209 4692 2304 4751 inter·

273 4780 369 4858 cedit,
398 4780 537 4859 quicquid
559 4778 598 4837 de
619 4779 700 4837 illius
721 4781 840 4839 consilio
862 4780 1000 4855 fecisses,
1027 4776 1143 4837 fueram
1166 4777 1421 4854 comprobaturus,
1456 4790 1505 4836 tua
1534 4791 1632 4838 tamen
1662 4781 1862 4840 moderatione
1883 4801 1948 4842 snm
1978 4781 2158 4841 delectatust
2195 4777 2304 4857 Neque

272 4866 324 4924 tibi
345 4867 440 4925 solum
460 4866 589 4925 libenter
610 4865 768 4942 permitto,
798 4875 830 4924 ut
852 4865 931 4923 hunc
953 4863 1086 4922 libellum
1109 4879 1208 4920 meum
1229 4860 1317 4938 edas,
1343 4862 1397 4922 sed
1418 4882 1484 4923 cum
1506 4867 1577 4924 aiios
1600 4885 1681 4926 meos
1704 4867 1762 4925 mm
1784 4869 1841 4928 tuis
1863 4869 1942 4947 typis
1965 4865 2153 4946 expressisti,
2174 4882 2232 4942 ago
2253 4861 2305 4920 tibi

271 4952 399 5028 gratias,
425 4961 514 5028 atque
536 4952 560 5029 si
582 4962 685 5029 potero
707 4950 846 5008 adinrare
867 4961 986 5008 conatus
1008 4959 1089 5024 tuos,
1117 4967 1175 5005 non
1198 4947 1295 5024 patiar
1317 4951 1425 5026 requiri
1448 4953 1577 5010 studium
1599 4970 1708 5012 meum.
1759 4955 1836 5021 Quin
1860 4955 1948 5012 etiam
1971 4953 2151 5032 prooemium
2175 4968 2233 5006 nou
2258 4964 2306 5003 re-

271 5036 449 5094 ensavissern
471 5036 618 5112 scrihere,
646 5037 671 5094 si
692 5035 844 5113 paululum
867 5035 952 5091 modo
975 5034 1025 5092 otii
1047 5033 1304 5112 suppeditavisset.
1357 5035 1431 5092 Nam
1460 5055 1517 5112 ego
1547 5037 1602 5095 hoc
1631 5052 1766 5117 ternpore
1796 5041 1932 5116 gravibus
1962 5052 1992 5097 et
2022 5037 2149 5094 molestis
2180 5034 2306 5110 negotiis

271 5137 340 5179 sum
362 5121 606 5195 occupatissimus.
649 5121 747 5179 Velim
771 5139 788 5178 a
810 5119 953 5178 loachimo
975 5118 1086 5196 aliquid
1109 5121 1204 5178 scribi.
1248 5118 1311 5178 Sed
1332 5120 1371 5179 de
1393 5120 1439 5179 his
1459 5142 1510 5180 vos
1532 5126 1685 5199 statuetis,
1715 5124 1853 5203 quicquid
1876 5136 1974 5182 antem
1997 5123 2145 5196 feceritis,
2181 5120 2237 5177 hoc
2258 5132 2306 5173 me

271 5222 334 5265 nou
356 5202 449 5263 οολοιο
473 5207 678 5281 probaturum,
706 5207 760 5265 sed
781 5219 898 5281 gratum
919 5206 1007 5263 etiam
1031 5214 1062 5262 et
1082 5215 1236 5282 acceptum
1258 5203 1426 5264 habiturum
1448 5225 1514 5266 esse
1536 5210 1697 5286 polliceor,
1732 5211 1817 5269 Vale.
1851 5210 1917 5269 XV.
1939 5209 2064 5268 Calend.
2088 5205 2273 5265 Novembris.

310 5542 343 5603 ¹¹¹)
361 5544 483 5608 linripid.
503 5545 610 5608 llippol.
628 5545 655 5594 8.

310 5644 360 5712 **)
379 5647 459 5699 (iont.
476 5648 585 5701 Platon.
602 5648 688 5711 hegg.
704 5645 750 5700 Vl.
776 5647 861 5709 (opp.
878 5647 927 5697 nd.
948 5648 980 5698 ll.
1000 5648 1091 5711 steph.
1110 5647 1174 5698 Vol.
1187 5646 1233 5697 ill.
1254 5646 1353 5712 pm
1370 5649 1429 5707 Δ).
