5125 6525
308 433 384 511 70³
593 505 596 510 ,
833 423 957 497 PHIL.
985 424 1098 495 MEL.
1125 422 1328 496 SCRIPTA
1353 420 1495 492 vanu.
1509 421 1816 496 ARGUMENTI.
2001 459 2003 464 ·
2053 477 2072 498 ..
2269 432 2352 507 704,

307 600 465 695 opprimi
486 600 694 682 videantur,
722 598 824 692 quasi
845 622 931 667 vero
962 622 1037 666 non
1058 598 1154 665 illam
1180 598 1293 689 ipsam
1346 622 1421 667 non
1448 595 1635 687 ignoratis.
1687 591 1907 686 Theologia,
1941 595 2056 687 pietas
2076 599 2183 668 simul
2207 603 2344 674 cecide-

308 704 560 796 elegantiorem
575 703 799 770 literaturam
816 698 1013 791 Evangelio
1029 702 1191 770 debeant.
1346 725 1396 770 re.
1449 700 1566 792 Quam
1582 699 1612 767 si
1627 710 1872 768 conservatam
1888 698 2074 783 volumus,
2101 714 2143 770 ut
2158 705 2343 793 debemus,

410 807 575 888 Habetis,
607 829 696 898 quae
720 829 840 874 caussa
865 804 944 895 pios
965 804 1165 873 necessario
1182 806 1227 872 ad
1242 803 1295 873 di·
1347 804 1460 894 agite,
1487 826 1634 893 operam
1661 805 1805 884 demus,
1838 827 1883 870 ne
1908 802 2099 871 intercidat
2121 806 2342 900 eloquentia.

258 952 263 970 ·
308 913 453 981 scendas
476 908 596 977 literas
619 932 660 975 ac
682 906 821 997 linguas
842 901 1062 976 adhortetur.
1116 906 1294 977 Nuncsu-
1346 907 1429 976 Non
1449 901 1518 974 hoc
1534 905 1659 988 iube0,
1686 918 1725 975 ut
1739 918 1883 998 praeter
1899 900 2109 996 prophanus
2126 922 2274 981 autores
2289 913 2341 979 ni-

306 1025 442 1106 perest,
471 1024 511 1080 ut
528 1012 701 1093 indicem,
728 1035 797 1104 qua
815 1010 872 1077 via
891 1010 1077 1079 discendae
1094 1011 1176 1080 sint.
1346 1005 1398 1077 hil
1417 1008 1618 1097 attingatis,
1644 1011 1704 1077 sed
1722 1009 1889 1099 coniungi
1912 1009 1994 1076 volo
2020 1010 2136 1078 studia
2164 1015 2341 1108 eloquen-¹

407 1114 615 1184 Indicarunt
636 1114 733 1182 illam
757 1112 852 1180 docti
873 1107 1037 1182 homines
1063 1114 1229 1207 quidam,
1262 1122 1296 1178 et
1346 1111 1416 1179 tiae
1439 1137 1518 1180 cum
1537 1112 1664 1194 sacris,
1691 1125 1731 1179 ut
1750 1113 1899 1181 alterum
1918 1110 2020 1179 alteri
2037 1114 2095 1180 vel
2112 1114 2340 1202 ornamento,

307 1223 344 1289 in
359 1217 715 1312 primisErasmus
739 1215 775 1282 in
793 1239 834 1282 eo
852 1217 1160 1298 commentariolo,
1188 1238 1294 1308 quem
1347 1214 1402 1282 vel
1427 1213 1559 1282 auxilio
1584 1215 1640 1283 sit.
1691 1213 1784 1282 Tam
1806 1240 1871 1282 nec
1893 1214 2026 1281 latinae
2047 1216 2173 1285 literae
2199 1221 2340 1309 penitus

306 1327 350 1394 de
368 1322 507 1391 ratione
530 1321 685 1390 discendi
702 1318 913 1410 inscriptum
931 1319 1060 1401 edidit,
1088 1344 1192 1412 quem
1211 1318 1294 1384 volo
1347 1318 1423 1386 sine
1441 1317 1574 1407 graecis
1593 1318 1736 1407 agnosci
1756 1330 1916 1409 possunt.
1967 1316 2164 1408 Propterea
2183 1323 2341 1413 postulo,

306 1440 346 1496 ut
362 1426 489 1494 iterum
507 1436 613 1516 atque
629 1424 757 1492 iterum
782 1421 958 1512 relegatis.
1004 1420 1059 1489 De
1083 1445 1159 1489 mea
1183 1420 1296 1487 inter·
1347 1432 1387 1489 ut
1406 1419 1594 1488 succisivas
1619 1433 1757 1489 tantum
1782 1416 1890 1488 horas
1908 1419 2053 1490 Graecis
2075 1422 2253 1517 discendis
2275 1426 2339 1493 im·

306 1530 354 1595 im
372 1526 546 1597 sententia
564 1526 693 1596 dicam.
744 1524 857 1593 Plane
882 1524 1119 1593 necessarium
1144 1548 1216 1591 esse
1242 1522 1294 1592 iu·
1347 1523 1518 1614 pertiatis.
1570 1522 1662 1591 Nam
1682 1523 1744 1617 qui
1761 1522 1798 1590 iu
1814 1546 1931 1592 sacras
1949 1523 2089 1607 literas,
2116 1526 2259 1596 incultis
2279 1532 2338 1597 ad-

280 1633 405 1714 dico,
431 1643 472 1699 ut
495 1630 532 1696 in
556 1629 667 1699 literis
686 1625 960 1695 humanioribus
979 1651 1020 1695 eo
1040 1628 1295 1694 contendamus
1347 1621 1415 1693 huc
1448 1638 1484 1692 et
1510 1624 1658 1693 rudibus
1681 1624 1854 1716 ingeniis,
1887 1628 2040 1694 necdum
2066 1627 2136 1695 ullo
2163 1630 2339 1719 praeditis

199 1719 204 1738 '
307 1736 476 1817 evadere,
502 1745 542 1800 ut
556 1733 666 1798 latina
685 1731 804 1820 lingua
825 1727 987 1822 (quando
1003 1725 1069 1796 hac
1087 1732 1159 1798 iere
1176 1730 1295 1797 dicen·
1347 1726 1493 1810 iudicio,
1520 1728 1675 1811 irruunt,
1701 1728 1900 1822 quidaliud
1916 1742 2072 1818 ponent,
2097 1755 2203 1822 quam
2221 1756 2341 1803 novas

303 1840 353 1906 do
381 1834 639 1926 scribendoque
670 1831 823 1927 utimur)
847 1856 936 1923 pure
965 1832 1066 1926 loqui
1091 1831 1295 1902 etscribere
1347 1831 1491 1913 scotos,
1518 1842 1553 1898 et
1567 1826 1752 1901 Thomas?
1803 1831 2005 1900 Prudenter
2022 1846 2254 1917 monuerunt,
2276 1836 2342 1929 qui

304 1938 494 2031 possimus.
554 1935 776 2005 Confusanea
802 1936 977 2028 quaedam
1001 1960 1077 2018 res,
1113 1934 1295 2003 barbaries
1347 1957 1445 2003 sacra
1479 1947 1699 2001 monuerunt
1727 1934 1854 2023 attingi
1886 1934 1993 2003 illotis
2022 1935 2198 2006 manibus.
2255 1936 2338 2034 'Ego

307 2054 378 2124 est,
406 2053 440 2108 et
455 2034 544 2108 nihil
558 2039 625 2109 sibi
642 2050 818 2107 constans.
873 2037 993 2130 Quare
1009 2038 1075 2108 nisi
1095 2051 1226 2106 certam
1243 2038 1295 2104 lo-
1347 2061 1432 2104 vero
1458 2059 1573 2129 neque
1588 2036 1760 2105 'barbaris
1785 2037 1859 2107 istis
1883 2036 2034 2130 ingeniis
2058 2037 2241 2107 sordidari
2263 2051 2346 2136 tarn

308 2142 441 2239 quendi
476 2141 725 2234 scribendique
757 2139 934 2208 rationem
969 2153 1108 2224 teneas,
1142 2164 1187 2207 ne
1219 2152 1295 2206 ate
1346 2139 1541 2230 pretiosam
1557 2139 1787 2231 margaritam
1804 2136 1918 2210 volo.=
1945 2139 2025 2208 Scio
2043 2140 2188 2232 spiritus
2203 2142 2341 2239 requiri

307 2247 452 2342 quidem
478 2257 571 2313 recte
593 2242 742 2333 intelligi
767 2245 896 2333 possis:
939 2256 1078 2311 tantum
1104 2245 1221 2324 abest,
1256 2254 1297 2311 ut
1348 2244 1394 2309 ad
1412 2241 1660 2310 tractationem
1678 2268 1859 2311 sacrarum
1878 2242 2083 2327 literarum,
2109 2244 2340 2336 nonlinguas

306 2362 469 2453 posteros
488 2346 729 2416 intellecturos
743 2366 873 2435 speres.
914 2344 991 2415 Nisi
1011 2346 1088 2439 quis
1103 2356 1216 2437 putet,
1241 2344 1296 2410 in·
1349 2358 1500 2414 tantum.
1553 2344 1621 2413 Sed
1646 2346 1755 2415 altera
1781 2346 1895 2436 poscit
1918 2370 2020 2436 opem
2040 2371 2096 2415 res
2113 2347 2279 2431 alterius,
2305 2361 2342 2418 et

307 2467 362 2522 tra
392 2463 538 2541 ventum
569 2473 692 2518 omnes
717 2447 843 2531 fuisse,
878 2448 940 2540 qui
962 2447 1059 2516 Scoti
1086 2449 1140 2516 vel
1170 2446 1296 2517 similis
1348 2459 1546 2517 commutat
1576 2448 1700 2516 amice.
1759 2448 1805 2517 Et
1834 2449 1973 2538 linguas
1998 2449 2199 2539 etspiritus
2227 2452 2338 2540 exigo.

307 2553 443 2623 autoris
459 2552 565 2619 verba
585 2564 620 2620 et
636 2546 777 2647 φράσιν
797 2550 888 2642 (non
904 2549 999 2618 enim
1021 2576 1117 2620 nunc
1133 2552 1296 2620 derebus
1347 2550 1394 2620 Et
1414 2551 1548 2619 Paulus
1575 2551 1699 2643 exigit,
1734 2564 1774 2619 ut
1795 2551 1926 2642 linguis
1949 2552 2166 2648 loquantur,
2199 2565 2235 2621 et
2255 2578 2339 2647 pro·

304 2655 453 2750 loquor)
477 2654 726 2744 intelligerent.
779 2652 904 2748 Neque
925 2678 1011 2722 vero
1035 2656 1305 2754 quisquamar7
1347 2650 1505 2746 phetent.
1559 2654 1717 2723 Proinde
1742 2680 1849 2748 quam
1873 2680 2017 2746 possum
2043 2680 2105 2724 vos
2131 2669 2252 2724 sancte
2278 2658 2338 2725 ob

305 2760 457 2827 bitretur
476 2782 531 2839 se,
558 2756 696 2824 relectis
712 2757 850 2825 duabus
867 2755 1008 2846 paginis
1022 2757 1196 2840 Terentii,
1222 2756 1295 2825 iam
1348 2771 1479 2841 testor,
1518 2770 1558 2827 ut
1586 2759 1631 2827 ad
1657 2758 1777 2828 literas
1806 2771 1880 2827 tum
1907 2758 2056 2840 latinas,
2093 2770 2168 2827 tum
2195 2782 2339 2849 graecas

307 2871 534 2942 consecutum
552 2883 625 2928 esse
641 2858 782 2925 dicendi
796 2859 1013 2928 facultatem.
1045 2860 1161 2929 Multa
1175 2858 1297 2927 lectio·
1348 2862 1532 2931 discendas
1548 2860 1824 2930 accommodetis
1840 2862 1992 2944 animos,
2008 2861 2077 2930 nisi
2093 2886 2240 2930 omnem
2256 2888 2338 2954 ope-

307 2987 371 3044 ne,
399 2962 512 3029 multo
532 2986 596 3030 usu
614 2960 793 3030 scribendi
815 2973 850 3027 et
874 2959 1035 3044 dicendi,
1063 2963 1175 3032 multo
1197 2986 1296 3029 exer·
1347 2989 1425 3032 ram
1450 2977 1485 3032 et
1508 2963 1706 3055 impensam
1731 2965 1837 3031 ctiam
1864 2965 1901 3031 in
1921 2964 2029 3033 sacris
2052 2967 2203 3054 perdere
2222 2966 2338 3058 vultis.

308 3065 391 3134 citio
407 3064 492 3147 stili,
519 3063 577 3131 vix
591 3065 735 3132 tandem
753 3087 862 3155 queas
880 3064 1062 3155 consequi,
1090 3077 1129 3133 ut
1142 3088 1296 3156 propere
1347 3065 1525 3161 Equidem
1558 3090 1674 3161 neque
1708 3090 1910 3149 sacrarum,
1945 3091 2060 3161 neque
2096 3062 2336 3138 humanarum

305 3166 479 3261 loquaris.
529 3165 726 3234 Exercebat
752 3166 858 3234 etiam
877 3167 1043 3256 superior
1062 3168 1296 3237 aetasiuven-
1346 3169 1533 3239 literarum
1557 3195 1703 3260 prorsus
1726 3171 1871 3259 ignarus
1899 3195 1962 3240 vos
1986 3195 2139 3255 moneo,
2174 3172 2238 3266 qui
2260 3172 2338 3265 plus

306 3284 440 3354 tutem,
474 3272 533 3340 sed
559 3293 688 3361 parum
710 3282 865 3340 strenue.
917 3269 969 3338 lta
994 3272 1222 3356 factumest,
1256 3285 1296 3340 ut
1348 3274 1539 3344 valituram
1562 3299 1666 3365 spero
1691 3269 1783 3342 hanc
1806 3275 2005 3343 orationem
2028 3301 2157 3344 meam.
2210 3275 2336 3344 Hacte-

198 3425 201 3433 .
306 3374 484 3443 interierit
500 3373 717 3466 eloquentia.
772 3373 873 3442 Nunc
889 3396 970 3443 curn
984 3374 1083 3442 illam
1100 3375 1296 3445 restituerit
1346 3401 1414 3447 nus
1438 3380 1481 3446 de
1502 3377 1609 3447 sacris
1629 3389 1767 3445 tantum
1787 3379 1870 3447 dixi.
1923 3377 2068 3462 Restat,
2093 3391 2134 3448 ut
2148 3380 2191 3446 de
2208 3403 2247 3447 re
2265 3404 2337 3447 me·

305 3476 421 3560 Deus,
455 3477 571 3547 modis
595 3476 761 3546 omnibus
787 3476 949 3546 divinum
971 3502 1101 3546 munus
1119 3490 1294 3548 tueamur.
1347 3481 1444 3565 dica,
1471 3493 1506 3549 et
1521 3481 1599 3550 aliis
1616 3481 1829 3574 quibusdam
1845 3483 1981 3552 artibus
1995 3481 2126 3562 dicam.

307 3579 470 3670 Collapsa
486 3580 546 3647 illa
564 3582 760 3672 quondam,
787 3592 960 3672 quantam
974 3580 1116 3650 ruinam
1134 3580 1295 3664 traxerit,
1993 3584 2095 3658 Auno
2112 3594 2177 3667 etc,
2193 3583 2283 3673 xxij.

839 3815 1092 3910 Philippus
1118 3822 1463 3895 Metancttton
1489 3829 1626 3916 amico.
1677 3827 1715 3896 S.
1742 3827 1793 3896 D.

409 3984 517 4075 Quod
546 3982 798 4074 Wittenberga
833 3986 1026 4055 discedenti
1066 3989 1146 4057 tihi·
1173 4015 1295 4060 censu·
1347 3992 1444 4075 vius,
1478 4020 1586 4089 quam
1613 3993 1798 4086 Evangelii
1823 3996 2052 4091 mysterium,
2085 3994 2277 4086 pacisque,
2303 4006 2335 4060 et

305 4110 383 4156 ram
418 4088 455 4154 in
481 4087 619 4156 Aurelii
645 4087 835 4177 Augustini
869 4089 979 4160 libros
1012 4115 1085 4158 non
1122 4095 1293 4179 dederim,
1347 4098 1578 4190 tranquillam
1611 4098 1773 4168 omnium
1803 4099 1976 4167 mentium
2007 4123 2071 4166 seu
2101 4095 2334 4166 conscientia·

248 4274 250 4279 ,
305 4213 512 4285 quanquam
535 4190 691 4259 caussari
715 4215 789 4258 non
813 4193 962 4260 omnino
987 4207 1120 4264 temere
1143 4222 1293 4288 occupa·
1345 4223 1426 4267 rum
1451 4202 1628 4270 rationem
1656 4201 1784 4272 nosse?
1838 4203 1938 4293 Quae
1961 4226 2068 4294 quam
2086 4225 2161 4268 non
2180 4210 2336 4291 praestet

303 4294 418 4364 tiones
449 4318 547 4362 meas
574 4317 735 4384 possem,
771 4306 892 4364 tamen
921 4296 1026 4364 fateri
1052 4300 1192 4391 culpam
1217 4325 1293 4368 ma·
1344 4301 1409 4370 ista
1428 4300 1675 4395 sophistarum
1695 4302 1894 4402 θεολογία,
1920 4330 1992 4373 non
2012 4303 2168 4395 ignoras.
2224 4303 2334 4372 Modo

302 4398 359 4479 lo,
386 4421 515 4488 nempe
540 4399 636 4486 apud
661 4396 835 4479 amicum,
864 4422 943 4467 cum
962 4389 1117 4471 delatui'n
1136 4406 1290 4474 officium
1344 4406 1503 4495 persiste.
1555 4406 1674 4477 Erunt
1698 4409 1813 4491 enim,
1841 4409 1932 4500 quae
1950 4420 1982 4476 te
1999 4408 2044 4475 ab
2060 4407 2225 4476 instituto
2244 4406 2336 4474 avel-

301 4501 477 4590 praestari
491 4523 587 4569 nunc
607 4524 750 4592 quoque
768 4500 878 4590 possit
894 4502 975 4593 pari
992 4508 1194 4577 commodo.
1231 4506 1292 4575 Li·
1343 4509 1415 4578 lere
1433 4509 1678 4595 conabuntur,
1705 4511 1825 4579 variae
1843 4511 1976 4579 diaboli
1994 4510 2155 4580 insidiae.
2208 4509 2336 4579 Etali-

302 4602 428 4668 benter
451 4602 631 4689 gratificor
654 4602 737 4682 tihi,
762 4627 836 4670 non
860 4607 969 4674 modo
988 4607 1103 4677 amico
1121 4610 1203 4692 tali,
1230 4614 1291 4681 sed
1345 4614 1490 4705 quaudo
1509 4626 1623 4682 tecum
1642 4613 1941 4705 ipseluctaberis,
1967 4616 2080 4682 donec
2099 4638 2246 4682 sensum
2264 4636 2336 4681 car·

303 4714 339 4771 et
354 4702 437 4794 quia
456 4704 499 4770 de
517 4705 623 4773 rebus
644 4699 846 4776 christianis
868 4707 1088 4799 interpeller.
1134 4711 1291 4783 Mirifice
1344 4715 1399 4785 nis
1421 4716 1573 4786 evincas.
1624 4715 1750 4809 Neque
1775 4717 1868 4786 enim
1893 4716 2028 4786 felicius
2054 4716 2188 4785 discere
2215 4739 2336 4811 queas,

302 4827 458 4895 namque
474 4807 624 4893 gaudeo,
645 4819 680 4874 te
697 4808 872 4877 sinceram
889 4808 1126 4903 Theologiam
1141 4817 1197 4883 vel
1211 4829 1291 4885 tan·
1345 4843 1453 4911 quam
1477 4819 1539 4889 ubi
1560 4832 1594 4888 te
1612 4820 1724 4887 animi
1741 4820 1793 4889 tui
1810 4819 2026 4888 conflictatio
2042 4818 2230 4890 erudierit.
2281 4817 2336 4886 Sic

302 4907 383 4974 dem
412 4905 531 4998 aliqua
558 4932 601 4975 ex
628 4922 728 4997 parte
753 4914 973 5002 degustasse:
1010 4942 1100 5008 quae
1123 4943 1195 5011 quo
1216 4944 1303 4992 ma·‚
1344 4921 1439 4989 enim
1457 4923 1561 4991 docet
1587 4921 1796 5012 spiritus.
1843 4923 2011 4994 Nostram
2029 4918 2335 5012 Theologiamvi-

302 5007 354 5098 gis
375 5021 630 5098 promovetur,
663 5033 705 5079 eo
728 5015 840 5105 magis
859 5016 1037 5088 dulcescit.
1089 5017 1192 5091 Certe
1213 5021 1291 5091 fieri
1343 5025 1473 5094 dentur
1503 5025 1673 5094 adiuvare
1706 5026 1795 5096 nulli
1818 5051 1934 5119 neque
1958 5025 2247 5108 neotericorum,
2276 5047 2336 5091 ne·

300 5134 375 5177 non
390 5123 525 5199 potest,
553 5112 640 5204 quin
657 5115 812 5204 primum
832 5118 991 5189 offendat
1007 5121 1187 5208 animum,
1215 5150 1291 5193 car·
1344 5152 1413 5221 que
1430 5141 1589 5196 veterum
1607 5127 1841 5220 scriptorum,
1860 5143 2002 5220 praeter
2019 5127 2285 5218 Augustiuum,
2304 5136 2336 5194 et

300 5210 376 5280 nali
398 5212 458 5280 itta·
484 5210 726 5306 sophistarum
751 5222 913 5290 doctrina
939 5238 1163 5315 correptum,
1203 5222 1292 5297 haec
1343 5232 1514 5320 pauculos
1547 5230 1713 5303 Graecos.
1779 5230 1956 5321 Origenes·
1987 5231 2138 5299 nimium
2177 5227 2333 5320 phitom

300 5314 494 5406 spiritualis
510 5314 759 5410 philosophia,
786 5328 882 5416 quod
905 5324 962 5417 (ut
977 5325 1110 5399 Paulus
1127 5331 1193 5429 ait)
1216 5356 1288 5399 non
1343 5329 1486 5424 phatur.
1536 5332 1778 5427 Hieronymus
1796 5360 1841 5403 ne
1857 5335 1894 5401 in
1911 5334 2061 5425 dialogis
2077 5333 2252 5426 quidem,
2277 5340 2335 5400 aut

298 5419 428 5487 sentiat
451 5421 615 5492 animalis
641 5419 772 5507 homo,
798 5451 889 5518 quae
913 5442 996 5497 sunt
1011 5432 1168 5522 spiritus.
1220 5433 1289 5502 Sed
1341 5436 1447 5506 Pauli
1469 5437 1735 5506 commentariis
1758 5440 1982 5529 adsequatus.
1999 5450 2050 5506 est
2063 5435 2169 5504 Pauli
2194 5448 2334 5505 senem·

299 5543 466 5590 amurcae
489 5525 627 5593 radices
644 5539 727 5600 sunt
741 5528 878 5599 fructus
893 5531 1021 5602 dulces.
1076 5534 1174 5626 Quid
1193 5536 1287 5606 enim
1343 5539 1442 5609 tiam.
1501 5537 1622 5629 Quare
1646 5541 1782 5609 nullum
1809 5540 1934 5610 feceris
1957 5540 2069 5629 inagis
2097 5563 2233 5631 operae
2258 5561 2334 5632 pre·

298 5625 507 5710 amabilius,
549 5651 658 5720 quarn
683 5624 816 5701 Christi
841 5632 1024 5724 cognitio?
1087 5637 1184 5728 Quid
1208 5662 1288 5709 sua·
1342 5643 1451 5723 tium,
1487 5664 1595 5733 quam
1623 5643 1686 5711 ubi
1719 5655 1753 5712 te
1781 5646 1825 5712 ad
1852 5644 1949 5734 ipsos
1974 5643 2110 5728 sontes,
2144 5645 2192 5712 ad
2221 5643 2334 5734 ipsam
