5125 6525
125 375 199 447 τοι
372 332 434 443 vr
472 366 540 439 na
567 364 768 439 musmo
793 366 858 438 rr
883 365 1120 439 nurnero
1145 364 1376 457 moeror,
1406 369 1560 441 narro
1585 341 1826 461 oncrum,
1852 391 1937 448 nc.
2098 376 2173 452 ma

329 577 461 663 Ratio
493 575 685 663 discendi
717 600 792 683 per
821 574 1062 683 Philippum
1090 574 1412 663 Melantbonen
1438 506 1776 692 Wittenbergae
1808 576 1973 665 medita.

232 774 462 846 lnstitueram
488 774 656 867 equidem
675 777 719 844 de
735 775 876 844 ratione
893 775 1052 845 discendi
1068 799 1126 844 co·
1178 775 1277 845 tione
1304 779 1460 870 quadam
1483 776 1573 847 recti
1597 800 1784 862 accensus,
1817 790 2016 861 coerceret,
2049 790 2173 872 quate-

129 882 230 975 piose
256 877 432 970 praefari,
458 877 521 948 sed
545 877 583 945 in
606 890 680 946 tarn
706 878 815 949 variis
830 878 1126 971 occupationibus
1177 901 1245 949 nus
1267 881 1345 948 fieri
1370 893 1508 973 posset,
1542 881 1721 950 ferventes
1751 879 1975 971 cupiditates.
2033 880 2172 951 Parum

129 1008 208 1053 non
230 981 331 1050 licuit
354 981 559 1066 absolvere,
596 984 695 1075 quod
721 981 953 1052 destinaram.
1020 981 1127 1053 Nunc
1177 976 1328 1050 bumani
1350 985 1591 1076 putabantur,
1626 984 1689 1077 qui
1711 977 1804 1051 nihil
1827 982 2073 1074 degustassent
2093 985 2172 1054 lite-

129 1084 287 1155 breviter
310 1084 525 1153 sententiam
546 1108 663 1153 meam
684 1084 728 1153 de
755 1083 921 1154 studiis
947 1084 1049 1154 vobis
1068 1109 1125 1153 ex·
1177 1108 1313 1154 rarum.
1373 1085 1468 1157 Nam
1500 1088 1585 1154 inde
1614 1111 1682 1156 usu
1707 1085 1827 1169 venit,
1861 1097 1902 1154 ut
1922 1085 2081 1155 Romani
2102 1112 2171 1180 pro
2288 1111 2292 1127 ⁸

130 1209 288 1280 ponam,
320 1187 422 1255 nullo
454 1187 598 1281 quidem
627 1183 810 1257 rhetorico
836 1189 1032 1281 adparatu,
1064 1187 1126 1256 sed
1177 1181 1345 1271 noadaia,
1377 1183 1447 1257 boc
1472 1202 1542 1271 est,
1574 1188 1797 1272 eruditione,
1828 1184 2092 1258 humanitatem
2118 1189 2172 1258 di·

132 1289 270 1381 optima
286 1288 367 1359 lide.
401 1288 508 1380 Quod
524 1291 554 1360 si
570 1290 664 1361 ratio
679 1290 782 1361 vobis
794 1291 851 1359 vel
864 1290 960 1359 vitae
974 1302 1126 1373 vestrae,
1178 1303 1317 1359 cerent:
1351 1290 1459 1360 laudo
1471 1290 1504 1385 ⁴)
1527 1303 1690 1361 veterum
1715 1289 1916 1361 consilium.
1979 1291 2073 1362 Nam
2096 1293 2170 1361 fere

131 1392 190 1460 vel
214 1389 416 1461 studiorum
442 1406 642 1479 constaret,
667 1390 759 1462 nibil
778 1389 848 1463 bac
861 1392 1026 1462 oratione
1045 1417 1124 1461 mea
1177 1392 1226 1459 ita
1243 1393 1303 1475 lit,
1329 1406 1370 1462 ut
1387 1419 1460 1487 quo
1478 1393 1629 1487 quisque
1646 1394 1822 1464 eruditior
1839 1406 1910 1477 est,
1937 1418 1979 1462 eo
1994 1394 2040 1464 sit
2054 1406 2090 1462 et
2106 1390 2174 1464 bu·

133 1518 224 1586 opus
248 1506 348 1562 esset.
399 1492 505 1564 Nunc
521 1521 601 1566 cum
618 1497 782 1591 plerique
797 1496 844 1564 ad
859 1495 1072 1566 Academias
1087 1519 1126 1565 se
1178 1494 1341 1578 manior,
1368 1508 1404 1563 et
1419 1495 1656 1565 tractabilior.
1708 1494 1833 1579 Scitis,
1864 1497 1987 1589 quales
2003 1498 2174 1567 linxerint

134 1597 343 1678 conferant,
369 1596 507 1666 nnllam
525 1599 635 1668 aliam
650 1600 696 1668 ob
715 1622 895 1682 caussam,
920 1598 990 1668 nisi
1007 1611 1048 1668 ut
1064 1621 1127 1666 an·
1179 1599 1363 1691 quondam
1388 1597 1510 1668 Musas
1539 1611 1687 1690 poetae,
1724 1600 1849 1691 plenas
1876 1594 2112 1670 humanitatis
2137 1611 2173 1669 et

132 1723 221 1782 nos,
254 1722 331 1766 rem
355 1697 592 1785 familiarem,
625 1702 784 1771 animam
810 1702 938 1771 misere
959 1704 1126 1793 perdant,
1179 1700 1387 1790 elegantiae.
1439 1700 1640 1785 Nimirum,
1666 1703 1765 1794 quod
1787 1700 1962 1770 sentirent
1981 1697 2076 1770 banc
2096 1702 2172 1770 vim

134 1800 197 1869 alii
223 1801 320 1868 bono
346 1803 496 1873 consilio
522 1799 593 1873 buc
616 1829 653 1875 se
677 1806 881 1888 conserant,
914 1805 976 1873 sed
998 1801 1126 1872 incerti
1178 1826 1252 1871 esse
1286 1801 1494 1885 literarum,
1532 1815 1574 1873 ut
1608 1805 1749 1874 animos
1774 1803 1949 1871 barbaros
1976 1804 2173 1875 mollirent.

132 1914 322 1992 vagentur,
348 1926 415 1973 nee
429 1902 604 1990 babeant,
630 1907 716 2000 quid
734 1906 772 1975 in
787 1907 956 1976 discendo
973 1929 1126 2001 sequan-
1178 1903 1348 1974 Nondum
1373 1907 1417 1974 de
1440 1906 1573 1997 pietate
1592 1905 1692 1989 dico,
1718 1905 1781 1975 sed
1795 1904 1840 1973 de
1855 1901 2083 1976 ethnicorum
2099 1919 2174 1977 stu·

132 2017 214 2087 tur,
240 2004 355 2074 visum
374 2018 445 2093 est,
469 2005 639 2078 nonnihil
660 2011 704 2078 de
727 2011 867 2079 ratione
888 2009 1049 2079 discendi
1069 2008 1126 2076 di·
1178 2007 1246 2077 diis
1267 2008 1410 2101 loquor.
1462 2005 1504 2075 ln
1517 2008 1647 2102 quibus
1660 2021 1783 2077 tamen
1798 2033 1908 2101 quarn
1922 2009 2056 2080 multos
2070 2033 2173 2101 repe·

133 2130 225 2177 cere.
262 2106 314 2173 Ac
329 2108 487 2199 primum
507 2112 652 2205 quidem
669 2112 788 2182 valere
802 2112 917 2183 sinam
938 2136 1019 2197 eos,
1046 2111 1125 2205 qui-
1177 2109 1262 2193 rias,
1284 2105 1340 2180 bis
1357 2110 1420 2204 qui
1437 2134 1533 2181 nunc
1548 2111 1638 2181 falso
1654 2122 1841 2203 praetextu
1856 2112 2012 2203 pietatis,
2034 2112 2173 2181 omneis

130 2210 198 2279 bns
219 2207 345 2278 literae
369 2216 536 2298 sordent,
563 2216 693 2309 quibus
715 2215 801 2286 satis
817 2238 947 2307 magna
961 2214 1125 2298 stultitia,
1176 2213 1291 2283 bonas
1311 2213 1453 2297 literas,
1480 2237 1625 2282 omnem
1644 2209 1908 2284 humanitatem
1925 2226 2174 2299 contemnunt,

131 2334 250 2403 poena
274 2311 352 2403 ipsa
374 2327 428 2384 est
459 2316 621 2387 stultitia.
683 2317 774 2388 Cum
803 2317 1006 2388 sanioribus
1035 2313 1126 2386 mibi
1177 2314 1291 2405 magis
1317 2315 1384 2384 leri
1410 2339 1520 2408 quam
1546 2316 1613 2384 ulli
1637 2316 1732 2399 ursi,
1774 2316 1890 2406 magis
1922 2316 2035 2409 impii*
2062 2339 2173 2410 quam
2276 2375 2278 2380 ,

131 2437 189 2484 res
214 2425 283 2497 est,
316 2416 446 2507 quibus
471 2419 576 2488 video
602 2433 771 2511 oportere
793 2419 990 2511 praescribi
1014 2420 1125 2488 ratio·
1177 2416 1241 2485 ulli
1259 2440 1421 2511 unquam
1439 2416 1623 2512 Tureae³)
1645 2414 1826 2508 Epicurei.
1880 2416 1979 2508 Quid
1996 2419 2174 2489 senserint

130 2539 215 2584 nem
232 2516 415 2607 quandam
431 2532 578 2604 certam,
605 2545 714 2615 qnam
730 2522 770 2589 in
786 2522 956 2593 discendo
972 2545 1125 2615 sequan-
1178 2520 1362 2612 quondam
1383 2518 1455 2602 illi,
1482 2518 1649 2598 audistis;
1676 2542 1774 2589 nunc
1797 2543 1890 2612 quae
1910 2543 2055 2591 caussae
2079 2516 2174 2589 cbri-

131 2631 203 2687 tur.
256 2615 350 2687 Nam
371 2631 412 2688 ut
434 2620 473 2689 in
489 2623 607 2692 stadio
623 2626 685 2717 qni
702 2649 808 2694 cursu
825 2623 1124 2716 certant,²spatia
1177 2620 1330 2690 stianam
1360 2622 1583 2691 iuventutem
1613 2646 1759 2691 movere
1791 2622 1922 2690 merito
1945 2623 2101 2692 debeant
2125 2622 2174 2691 ad

130 2719 236 2789 lineis
249 2719 438 2805 deliniunt,
463 2747 509 2793 ne
524 2750 594 2819 qua
610 2740 806 2820 evagentur
819 2724 1123 2819 imprudenter¹):
1177 2725 1414 2815 degustandas
1437 2725 1570 2796 literas.

131 2822 183 2890 ita
209 2821 371 2892 omnium
393 2825 432 2891 in
456 2829 557 2895 omni
577 2852 706 2919 genere
730 2830 844 2914 vitae,
870 2842 946 2899 tum
969 2829 1124 2900 maxime

131 2924 172 2991 in
189 2924 316 2995 studiis
328 2926 535 3015 literarum,
560 2931 820 3022 praestandum
832 2956 971 3015 censeo,
997 2944 1038 3001 ut
1051 2956 1125 3002 cer,
1278 2893 1363 2965 Non
1386 2893 1537 2964 dubium
1562 2907 1634 2978 est,
1662 2894 1752 2988 quin
1767 2916 1889 2964 sacrae
1905 2893 2031 2964 literae
2046 2894 2086 2962 in
2102 2890 2174 2964 boe

1177 2997 1249 3068 sint
1270 2995 1436 3088 proditae
1453 2996 1646 3079 divinitus,
1671 3009 1713 3065 ut
1732 3021 1857 3066 earum
1871 2997 2091 3067 adminiculo
2105 2997 2175 3064 irn-

130 3129 277 3199 interim
302 3154 426 3203 ornnes
448 3135 561 3205 animi
576 3137 829 3227 cogitationes,
856 3138 978 3206 omnia
994 3161 1125 3228 genera
1177 3099 1379 3169 ¹¹¹⁰¹¹³l¹l³⁸
1407 3100 1513 3170 ¹¹⁰b¹⁸
1542 3110 1733 3191 Pm‘elffl'
1747 3098 1792 3194 θ)·
1852 3099 2085 3191 Qual'ml‘ler
2109 3122 2174 3192 (1⁰¹

132 3231 333 3303 studiorum
350 3233 566 3328 dirigantur,
587 3253 623 3310 et
636 3241 833 3334 prudenter
848 3241 1125 3326 consideremus,
1177 3198 1241 3271 has
1262 3202 1463 3294 negligum’
1489 3201 1605 3271 videri
1626 3214 1777 3293 1³⁰⁸⁸¹¹¹¹t
1800 3199 1908 3272 ‘liam
1931 3201 1972 3271 5¹¹
1991 3224 2028 3271 ⁵²
2046 3200 2174 3271 “ud“

133 3334 222 3429 quid
244 3336 325 3406 viae
344 3339 605 3439 defigamusa)‚
636 3368 683 3413 ne
701 3343 898 3414 {aculeum
923 3341 1126 3436 (uffimd
1177 3307 1228 3423 les
1253 3326 1345 3422 esse,
1384 3317 1425 3422 ut
1449 3305 1512 3398 qui
1536 3317 1672 3374 eertum
1696 3304 1766 3373 iter
1789 3304 1837 3421 ad
1860 3305 2172 3373 immortalitatem

1178 3409 1319 3497 rngredr
1342 3407 1471 3476 nohnt.
1536 3406 1722 3501 Quosdam
1746 3407 1883 3497 gloriae
1907 3429 2031 3490 amor,
2065 3430 2173 3499 quos·

132 3438 256 3507 dicunt
297 3439 374 3510 sine
398 3465 458 3512 seo
486 3469 521 3514 o.
572 3447 632 3513 An
653 3469 730 3513 non
754 3446 882 3515 videtis
980 3469 1038 3514 am
1056 3447 1125 3517 sol·
1762 3510 1772 3524 .
1826 3509 1835 3525 .
1901 3510 1911 3524 .
2046 3507 2055 3523 ⁶

131 3539 227 3609 licite
250 3440 400 3615 deveant
420 3467 685 3631 fodneratores,
718 3571 764 3616 ne
784 3471 1126 3641 quem'tdruuncium,
1179 3508 2173 3707 fflmzpssagg{zzrffisttffleffissaxafflialtfflss

134 3656 197 3713 ant
217 3643 248 3712 d
269 3644 356 3739 quid
378 3641 447 3716 hoc
470 3648 577 3720 Vilius
592 3663 662 3733 θεῖ’
690 3652 913 3743 'expendam’
937 3654 1034 3721 unde
1051 3675 1126 3722 non
1179 3717 1227 3784 ad
1249 3738 1369 3785 sacras
1389 3715 1469 3809 quis
1493 3715 1611 3784 aditus
1627 3712 1703 3784 est?
1752 3714 1924 3784 Videmus
1939 3710 2005 3785 bas
2023 3712 2173 3782 infeliei-

132 3747 257 3815 redeat
273 3748 425 3835 foenus?
479 3751 555 3823 Nos
570 3766 626 3822 tot
641 3753 809 3825 coelestes
824 3756 946 3838 dotes,
972 3768 1127 3824 aetatem
1679 3815 1688 3831 .

133 3849 272 3942 alioqui
297 3852 583 3942 fugacissimam,
624 3857 674 3925 sic
702 3856 976 3943 collocabimus,
1018 3871 1126 3929 utne
1178 3819 1554 3937 tertracml³3f²⁶⁰h3
1569 3840 1766 3936 sul'ffnmss
1817 3817 1991 3910 mquam
2010 3815 2056 3884 οὔ
2072 3839 2172 3885 ‘³¹¹⁸‘

1178 3919 1282 4010 sam?
1333 3919 1514 3991 Nrmrrum
1539 3933 1718 3991 inscrtram
1741 3921 1947 4002 bterarum,
1974 3931 2010 3987 et
2031 3919 2173 4008 elegan-

133 3975 212 4023 sors
234 3955 380 4045 quidem
403 3960 448 4027 ad
470 3983 537 4029 nos
560 3958 708 4028 redeat?
760 3960 878 4052 Qurd,
912 3962 1011 4055 quod
1031 3962 1126 4029 male
1180 4023 1282 4092 floris
1313 4024 1537 4094 eruditionis·
1605 4022 1712 4092 Nunc
1741 4047 1822 4092 cum
1845 4020 2079 4091 reflorescunt
2102 4020 2172 4088 ele.

133 4068 252 4174 gestae
275 4061 329 4126 rei
354 4060 447 4178 ratio
470 4062 632 4182 Domino
658 4062 841 4182 reddenda
868 4076 940 4149 est,
968 4065 1039 4183 'qui
1061 4087 1127 4132 no·
1203 4124 1361 4195 mores
1388 4126 1514 4196 limae
1570 4125 1702 4193 iterum
1730 4149 1768 4195 se
1798 4125 1992 4194 ostendum
2014 4121 2159 4212 linguae

100 4246 104 4252 .
131 4158 188 4229 ¹³¹⁸
214 4154 310 4229 hunc
339 4185 521 4248 ammum’
559 4191 616 4237 ⁸⁰¹
639 4167 875 4258 pamculam'
916 4191 979 4260 qm
1001 4180 1127 4250 vuam'
1179 4150 1345 4298 iidemur
1368 4180 1547 4311 insanire',
1583 4226 1653 4296 nisi
1683 4238 1786 4317 &1³²⁰
1815 4237 1980 4318 P⁰⁰l⁰rer
2014 4235 2050 4291 el
2072 4171 2173 4314 ‘1⁰⁰5

133 4261 196 4355 qui
214 4261 378 4353 ingenia’
405 4267 468 4359 qni
484 4267 540 4385 vic
542 4280 617 4338 tum
634 4268 797 4387 ciedidit'
817 4270 845 4388 li
846 4282 940 4339 tems
959 4294 980 4339 ⁰
982 4270 1127 4354 Stendst'
1180 4330 1310 4402 Graeci
1326 4330 1449 4402 dic'unt
1494 4329 1518 4402 ἆ
1580 4331 1619 4396 ο”
1744 4331 1763 4347 ”
1808 4340 1926 4396 tantas
1947 4323 2090 4393 divitias
2113 4346 2172 4390 ex-

133 4389 223 4458 quas
245 4367 343 4437 velut
361 4371 576 4440 conductrcn
595 4372 772 4462 agrrcolae
792 4374 1051 4466 aliquantrsper
1068 4397 1127 4442 co·
1201 4435 1210 4451 ,
1457 4385 1467 4416 2
1518 4354 1578 4426 μφ
1602 4353 1641 4401 ‘²'
1655 4352 1785 4424 WW

132 4467 314 4540 letemus?
353 4471 450 4564 Quid
465 4474 562 4541 enim
581 4472 679 4543 aliud
696 4499 831 4560 sumus,
858 4500 967 4570 quam
988 4476 1127 4545 alienae
1178 4435 1366 4605 lcfpiamus·
1413 4433 1461 4551 ‚Et
1485 4446 1527 4503 ¹¹¹
1549 4455 1594 4499 ¹¹⁸
1618 4431 1809 4520 53⁰⁰le
1836 4428 2002 4497 ⁰⁰⁸¹e⁵te⁸
2024 4427 2171 4596 dimum

134 4572 190 4639 rei
207 4574 487 4664 procuratores?
539 4575 703 4646 primum
723 4577 845 4672 imque
862 4581 1039 4649 defructu
1054 4592 1127 4648 stu·
1193 4560 1322 4628 inguae
1341 4560 1383 4604 ac
1399 4537 1525 4605 lrterae
1540 4546 1635 4603 sunt.
1687 4532 1738 4602 Ut
1755 4533 1939 4625 quondam
1954 4553 2037 4598 cum
2085 4551 2173 4596 van-

134 4673 279 4746 diorum
304 4678 439 4747 dicam,
471 4678 569 4750 unde
592 4678 788 4771 intelligas,
815 4681 903 4775 quid
918 4707 981 4752 cur
998 4682 1127 4751 debeas
1179 4641 1311 4732 gelium
1339 4652 1429 4709 esset
1450 4639 1489 4706 in
1507 4637 1714 4707 universum
1735 4636 1859 4704 orbem
1883 4632 2172 4726 propagandum,

133 4778 302 4870 deligere.
342 4781 416 4873 Qui
436 4806 537 4852 sacra
562 4781 822 4873 ignoraverunt
834 4787 1040 4879 quondam,
1065 4809 1128 4853 ne·
1178 4743 1310 4861 linssqis
1325 4741 1491 4836 Almsmli
1513 4739 1638 4859 dfnafi
1661 4751 1756 4857 ⁸¹J¹¹l⁹
1807 4734 1861 4855 lla
1877 4759 1999 4852 ”⁰⁰⁰2
2020 4757 2101 4803 ‘um
2115 4756 2172 4874 ³⁰⁸·

134 4883 304 4953 cessaria,
330 4882 398 4954 ,ihi
420 4884 541 4955 limas
568 4910 642 4956 esse
667 4887 864 4979 putabam,
902 4901 944 4958 ut
965 4888 1070 4957 mdia
1094 4900 1129 4957 et
1180 4857 1339 4916 nascitur
1370 4844 1626 4936 Evangehum‚
1667 4842 1774 4913 s1mul
1805 4841 1888 4908 ullae
1914 4848 2171 4908 restituuntur.

132 4986 209 5054 sera
224 4985 368 5078 ingenia
384 4983 593 5058 huiusmodi
609 4990 707 5059 cultu
722 4987 891 5060 nonnihil
905 5015 1128 5062 mansuesce·
1181 4974 1335 5068 ‘¹⁰³¹‚um
1348 4945 1829 5067 ,³dm¹⁰¹f⁰¹⁰,EV³¹¹ge¹¹¹¹¹¹¹
1847 4944 2036 5013 mmmm·
2087 4937 2171 5031 0¹²⁰

133 5099 228 5157 rent,
292 5088 444 5161 Honesti
473 5093 647 5184 speciem,
687 5105 834 5161 tenerae
864 5105 900 5161 et
929 5094 1128 5164 imbecillae
1181 5076 1294 5143 magus
1307 5076 1440 5136 m1ror,
1459 5064 1568 5120 atram
1584 5073 1624 5117 1n
1637 5045 1706 5116 bac
1721 5048 1810 5116 urbe
1829 5070 1903 5115 esse
1918 5045 2094 5138 quosdam
2108 5061 2173 5132 pa-

135 5188 267 5271 ulati,
302 5216 395 5285 quae
416 5194 492 5286 ipsa
508 5220 573 5288 pes
587 5220 661 5266 sese
677 5220 753 5265 non
769 5196 884 5290 sapit,
910 5209 1130 5288 putaverunt
1181 5181 1262 5226 rum
1280 5179 1414 5249 aequos
1429 5151 1670 5242 Theologiae,
1691 5151 1789 5245 quod
1803 5151 1920 5219 studra
1933 5144 2173 5217 ¹bumamtatrs

133 5292 175 5360 in
195 5291 308 5362 literis
324 5291 560 5367 exhibendam
577 5323 670 5381 esse,
702 5300 798 5368 unde
815 5298 957 5370 animus
972 5301 1130 5370 admira·

1215 5430 1248 5497 t)
1265 5426 1361 5494 laudo]
1379 5428 1421 5479 sic
1436 5427 1552 5491 aorlps13
1569 5427 1621 5477 Ed.
1636 5424 1731 5476 lma
1752 5422 1835 5473 lauda

170 5515 203 5576 2)
221 5513 272 5564 ttts
291 5515 319 5564 in
336 5524 426 5578 marg.
441 5512 583 5576 adscripta
600 5518 644 5564 est
661 5519 775 5569 annot:
802 5515 991 5577 comparatio.
1215 5514 1247 5581 t)
1261 5511 1385 5582 rurae]
1403 5515 1453 5565 uu.
1473 5513 1567 5564 tm:
1594 5511 1717 5561 {orchea

171 5598 204 5659 8)
222 5601 274 5652 urs
292 5601 321 5652 ln
338 5611 427 5664 marg.
446 5599 589 5663 adscripta
604 5603 647 5651 eet
665 5605 775 5654 annot:
799 5601 957 5665 ausperto.
1216 5599 1249 5666 ⁶)
1266 5603 1416 5654 Annoutm
1433 5611 1542 5665 marm
1566 5598 1691 5648 Studium
1708 5593 1852 5646 literarum
1867 5599 2020 5644 amm.

132 3040 211 3096 tum
234 3029 436 3099 studiorum
459 3034 567 3101 linem
590 3035 695 3105 nobis
711 3047 930 3119 statuamus,
956 3036 1002 3103 ad
1017 3059 1124 3128 quem
