5125 6525
154 460 229 542 681
339 456 385 530 V.
434 452 695 564 utsrottlsu
721 452 963 551 omunstat
989 448 1267 564 [taetram
1292 445 1445 532 INTER
1470 442 1705 522 PUBLICAS
1729 443 2011 521 Lucrtottlts.
2117 443 2195 526 502

156 656 262 725 opem
280 627 478 725 quaesivit,
503 651 616 720 aquo
630 559 889 720 benigniter&
904 599 1149 717 e'l'ccptusest,
1201 624 1318 694 locus:
1345 620 1550 712 Expurgate
1567 633 1668 692 vetus
1682 619 1899 689 fermentum
1908 618 1967 711 ⁹⁸).
2012 613 2074 685 llle
2089 617 2189 707 legit:

156 749 192 806 et
223 758 290 825 pro
322 730 460 804 ratione
492 730 702 801 facultatum
732 726 938 802 humaniter
961 729 1072 799 etiam
1096 740 1150 799 est
1201 735 1395 817 expurgate
1418 734 1519 794 vetus
1541 725 1777 805 fermentum,
1803 721 1894 792 sicut
1921 718 2003 791 estis
2029 718 2190 809 asini⁰⁶).

155 849 339 909 tractatus.
396 832 555 956 Rediens
577 845 696 905 autem
719 834 764 903 ad
786 858 906 926 regem
928 855 1148 902 commemo·
1200 827 1401 919 Respondit
1425 828 1541 896 bonus
1564 826 1710 919 quidam
1734 847 1859 895 senex:
1902 822 1996 915 Quia
2023 822 2193 892 nolumus

155 963 242 1011 rans
256 962 320 1010 sua
338 940 518 1029 pericula,
544 961 636 1032 quae
652 935 745 1029 regis
758 961 864 1007 causa
878 936 1096 1007 sustinuerat
1113 945 1149 1004 et
1200 942 1323 1001 nostra
1340 929 1426 996 vitia
1444 931 1489 996 ab
1508 926 1763 999 eruditioribus
1780 926 1892 995 taxari
1912 940 1947 995 et
1969 925 2013 993 ab
2034 924 2104 993 illis
2129 927 2192 994 do·

157 1065 344 1134 perpessus
359 1055 456 1125 erat,
482 1040 620 1134 eumffi)
641 1052 764 1132 rogat,
798 1051 837 1110 ut
858 1063 924 1130 pro
949 1033 1017 1109 hac
1036 1035 1148 1107 fideli·

156 1156 229 1214 tate
246 1142 412 1236 petitioni
425 1145 521 1236 apud
542 1167 577 1216 se
593 1143 713 1213 locum
735 1141 935 1236 relinquat;
968 1138 1149 1231 promittit

157 1271 230 1317 rex.
283 1245 388 1336 Miles
404 1246 478 1338 ipse
495 1247 620 1339 petita
636 1269 718 1337 rege
732 1244 800 1317 sibi
816 1242 946 1315 donari
968 1243 1006 1311 in
1030 1242 1148 1334 prori-

156 1374 219 1420 mo
236 1372 330 1441 pago
345 1350 497 1441 agellum
514 1349 696 1420 cuiusdam
721 1347 845 1419 rustici
869 1347 906 1441 (a
932 1370 1004 1439 quo
1028 1341 1149 1435 hospi-

157 1452 209 1519 tio
239 1464 403 1543 exceptus
427 1452 533 1545 erat).
596 1450 703 1543 Quod
730 1450 792 1521 ubi
816 1461 1024 1520 consecutus
1046 1459 1148 1527 esset,

158 1567 194 1622 et
215 1554 368 1623 rusticus
400 1554 530 1623 eiectus
556 1565 646 1623 esset
675 1577 718 1621 ex
750 1553 822 1623 suis
855 1551 1148 1644 possessionibus,

156 1679 278 1747 regem
293 1656 382 1725 adiit
397 1678 622 1750 conquerens
640 1656 685 1725 de
700 1654 802 1725 istius
825 1649 976 1747 hospitis
1000 1651 1149 1744 ingrati-

157 1758 301 1841 tudine,
334 1771 369 1827 et
398 1783 461 1829 sua
493 1759 532 1828 in
564 1782 645 1828 eum
676 1757 845 1827 beneficia
878 1766 1149 1825 commemorat.

158 1860 298 1954 Quibus
314 1860 446 1929 auditis
462 1884 525 1931 rex
543 1860 663 1929 vocari
680 1860 783 1930 iussit
799 1861 895 1929 adse
911 1858 1081 1940 militem,
1115 1868 1153 1925 et

158 1964 292 2032 rustico
312 1961 451 2032 restitui
473 1987 556 2032 suas
579 1962 838 2056 possessiones,
868 1960 974 2030 militi
995 1983 1081 2030 vero
1103 1959 1149 2030 ob

157 2063 451 2156 ingratitudinem
470 2064 508 2133 in
521 2067 677 2134 frontem
694 2065 836 2156 signum
852 2063 949 2134 inuri
965 2060 1150 2133 mandavit

157 2162 214 2236 his
239 2167 375 2237 verbis:
411 2165 588 2258 Hospes
615 2168 836 2259 ingratus.
894 2164 1029 2261 Estque
1053 2166 1148 2236 insa-

158 2292 226 2339 nus
241 2264 310 2339 hoc
326 2271 435 2339 modo
451 2271 575 2342 factus.

237 2468 404 2546 CCXVll.
442 2466 654 2565 Κακοζηλία
680 2473 823 2563 prav'a
850 2471 1074 2553 imitatio,

428 2659 431 2665 ,
528 2570 785 2666 ttffcnlpiet.

265 2706 431 2777 Extincto
457 2704 605 2799 Orpheo
635 2708 747 2800 ipsius
773 2709 851 2801 lyra
880 2709 1011 2777 dicitur
1034 2709 1149 2778 delata

161 2835 236 2884 esse
256 2810 295 2880 in
311 2809 486 2895 Lesbum,
513 2835 622 2904 quam
638 2806 910 2902 apprehendens
927 2812 1020 2882 lilius
1036 2812 1151 2882 cuius-

162 2916 247 2983 dam
269 2913 459 3006 principis,
496 2914 676 3005 cogitabat
699 2938 737 2985 se
757 2913 939 2984 ludentem
963 2911 1150 3006 Orpheum

161 3017 250 3085 fore.
318 3015 473 3085 Putabat
503 3018 611 3107 igitur
633 3041 670 3086 se
694 3016 867 3086 flexurum
901 3030 935 3085 et
968 3029 1149 3086 moturum

162 3142 245 3189 saxa
270 3130 306 3186 et
327 3118 463 3211 sylvas,
493 3119 577 3188 exiit
601 3130 636 3187 et
655 3118 820 3201 ludebat,
855 3142 959 3189 canes
981 3142 1067 3188 vero
1088 3143 1151 3188 au-

163 3221 300 3291 dientes
324 3246 405 3290 eum
426 3234 629 3292 cantantem
652 3234 736 3292 sunt
759 3219 891 3292 irritati
914 3234 950 3291 et
973 3221 1151 3292 lacerave-

161 3336 249 3394 runt
274 3325 382 3395 istum
410 3325 577 3396 fatuum.
628 3324 686 3395 Sic
709 3325 814 3395 multi
835 3325 964 3394 volunt
985 3348 1058 3396 esse
1080 3323 1152 3396 Lu-

162 3423 257 3496 thcri
273 3439 309 3496 et
324 3428 452 3496 volunt
473 3427 614 3497 flectere
638 3426 778 3498 animos
801 3423 1012 3510 bominum,
1044 3429 1106 3496 scd
1131 3453 1151 3496 a

162 3530 311 3600 canibus
333 3530 585 3612 dilacerantur.
645 3528 713 3596 llic
735 3528 826 3597 solet
851 3553 925 3600 esse
949 3530 1063 3601 exitus
1085 3555 1154 3601 κα-

161 3627 345 3725 κοζηλίας.

189 3830 373 3905 CCXVlll.
413 3800 475 3901 De
500 3833 836 3904 concionatore
863 3835 1121 3906 extollente

465 3931 860 4028 christophorum.

272 4070 515 4139 Concionator
531 4072 578 4138 ad
594 4072 768 4162 populum
785 4072 927 4143 infesto
944 4073 980 4144 S.
995 4067 1154 4144 Christo·

166 4170 273 4267 phori
301 4172 421 4243 multis
446 4172 563 4243 verbis
582 4174 773 4244 extollebat
788 4175 823 4246 S.
841 4169 1155 4267 Christophorum,

166 4278 265 4372 quod
293 4275 366 4346 suis
394 4271 554 4346 humeris
584 4277 745 4367 gessisset
771 4274 973 4361 Christum,
1014 4276 1155 4368 saepius

167 4381 411 4469 interrogans:
453 4376 500 4447 Et
527 4378 608 4472 quis
630 4392 766 4449 tantam
789 4382 827 4449 in
851 4380 956 4450 terris
976 4375 1157 4450 habuisset

167 4481 479 4573 praerogativam,
519 4493 560 4550 ut
582 4483 795 4551 salvatorem
822 4481 957 4552 ferret?
1007 4480 1155 4551 Etcum

167 4584 337 4654 molestus
349 4596 594 4676 perseveraret
615 4585 891 4676 interrogando,
918 4597 1010 4655 unus
1025 4608 1069 4654 ex
1090 4584 1157 4653 cir·

168 4687 427 4757 cumstantibus
458 4682 564 4757 huius
587 4687 881 4778 interrogationis
904 4689 1025 4757 crebra
1050 4689 1157 4757 itera-

168 4787 266 4858 tione
285 4803 467 4879 pertaesus
486 4776 619 4884 inqu'it:
656 4791 806 4874 Asinus,
840 4791 900 4885 qui
924 4791 1095 4861 etlilium
1123 4803 1158 4858 et

166 4905 320 4960 matrem
340 4891 511 4984 portavit.

205 5088 354 5160 CCXlX.
393 5092 659 5184 Expurgate
687 5105 812 5163 vetus
835 5095 1119 5164 fermentum.

273 5220 367 5290 Novi
386 5228 565 5318 quendam
585 5226 808 5296 canonicum.
862 5225 974 5308 lluic,
1000 5251 1080 5296 cum
1097 5228 1159 5296 ad-

170 5318 241 5390 huc
258 5322 395 5394 iuvenis
413 5340 510 5411 erat,
537 5329 573 5397 iu
588 5328 750 5398 examine
771 5328 977 5420 propositus
999 5342 1076 5398 erat
1100 5329 1159 5400 ille

174 5484 268 5494 ow<-
274 5486 299 5492 0-
305 5485 339 5492 --m
348 5486 392 5492 -—

206 5571 256 5636 02)
275 5573 446 5637 unmnttss]
464 5575 548 5627 cort:
573 5575 764 5638 tenenlssnlter

207 5661 257 5718 9³)
276 5657 349 5727 eon]
370 5661 454 5713 cod-2
482 5674 596 5727 eoque

1201 1032 1293 1113 ceri,
1326 1028 1424 1101 Deus
1446 1030 1571 1112 efficit,
1605 1042 1645 1099 ut
1666 1030 1769 1120 pueri
1793 1053 1860 1099 nos
1883 1039 2035 1119 arguant
2056 1040 2090 1095 et
2113 1051 2192 1094 eru-

1200 1134 1313 1205 diant.
1363 1133 1481 1227 Atque
1505 1133 1554 1201 ita
1576 1155 1736 1203 errorem
1759 1131 1993 1203 adolescentis
2016 1129 2191 1200 convertit
2232 1167 2237 1174 ·

1201 1237 1237 1305 in
1255 1259 1402 1327 gravem
1421 1235 1717 1305 admonitionem.

1238 1383 1373 1456 CCXX.
1412 1383 1676 1555 Qucmlibdet
1703 1409 1798 1455 esse
1825 1408 1972 1475 regem
2002 1383 2048 1451 in
2075 1407 2151 1453 sua

1655 1511 1768 1557 omo.

1304 1604 1393 1674 Cum
1420 1627 1481 1672 rex
1497 1601 1669 1693 Anglicus
1696 1602 1780 1670 olim
1808 1602 1846 1670 in
1871 1603 2062 1672 venatione
2089 1625 2109 1669 a
2133 1603 2191 1669 via

1200 1709 1417 1789 deerrasset,
1455 1704 1552 1774 veuit
1576 1704 1613 1772 in
1636 1704 1856 1795 tuguriolum
1885 1703 2033 1775 alicuius
2057 1704 2194 1787 rustici,
2263 1685 2273 1708 ⁹

1202 1809 1263 1905 qui
1296 1833 1377 1879 eum
1408 1831 1476 1898 pro
1506 1832 1568 1876 sua
1600 1808 1744 1877 fortuna
1768 1801 1973 1876 humaniter
1995 1806 2132 1898 excepit
2159 1818 2194 1874 et

1200 1913 1291 1981 benc
1306 1908 1484 1980 tractavit.
1538 1909 1627 1979 Cum
1650 1924 1769 1979 autem
1786 1934 1849 1979 rex
1863 1907 2058 2002 aliquando
2082 1909 2194 1977 nollet

1202 2014 1450 2105 obtemperare
1466 2012 1585 2107 aliqua
1604 2013 1642 2081 in
1658 2036 1718 2097 re,
1745 2013 1859 2082 iussus
1875 2012 1970 2080 enim
1990 2024 2068 2081 erat
2090 2035 2110 2081 a
2134 2036 2194 2080 ru-

1201 2117 1303 2201 stico,
1325 2116 1465 2185 dicente
1479 2117 1578 2211 quod
1593 2116 1744 2209 quilibet
1760 2127 1850 2185 esset
1862 2138 1924 2183 rex
1938 2115 1976 2182 in
1991 2139 2053 2185 sua
2070 2116 2193 2197 domo,

1202 2222 1307 2290 edere
1325 2221 1369 2289 de
1387 2220 1543 2315 quodam
1562 2218 1663 2302 cibo,
1698 2242 1806 2312 aquo
1825 2242 1888 2286 rex
1912 2240 2083 2288 nauseam
2109 2241 2194 2287 con·

1202 2335 1363 2414 ceperat,
1403 2318 1553 2415 impegit
1575 2322 1727 2392 rusticus
1751 2319 1826 2412 regi
1849 2316 2054 2411 colaphum.
2115 2319 2193 2390 Rex

1202 2450 1343 2494 memor
1359 2424 1434 2494 eius
1448 2423 1552 2505 dicti,
1579 2426 1675 2518 quod
1692 2423 1842 2515 quilibet
1866 2434 1956 2493 esset
1981 2447 2043 2492 rex
2066 2423 2103 2490 in
2128 2445 2192 2493 sua

1202 2529 1332 2608 domo,
1359 2525 1583 2615 obtemperat
1602 2536 1746 2615 postca,
1780 2524 1935 2592 comedit
1949 2526 1992 2592 de
2010 2525 2078 2593 isto
2103 2526 2195 2595 cibo.
2273 2543 2280 2573 ⁸

1202 2631 1254 2698 Ac
1281 2649 1387 2694 mane
1411 2623 1491 2695 cum
1515 2626 1676 2696 rediisset
1696 2627 1734 2692 in
1753 2627 1896 2719 aulam,
1922 2626 2108 2694 inandavit
2122 2627 2195 2697 suis

1204 2729 1347 2812 aulicis,
1381 2741 1419 2799 ut
1442 2731 1620 2798 adducant
1643 2727 1742 2796 illum
1769 2727 1962 2813 rusticum,
1997 2753 2104 2822 quem
2133 2731 2195 2797 ad·

1202 2833 1347 2902 ductum
1380 2831 1494 2900 voluit
1523 2855 1585 2899 rex
1616 2855 1760 2900 mensae
1787 2830 1942 2901 assidere
1973 2843 2007 2900 et
2038 2831 2196 2924 proponi

1202 2934 1358 3027 plurima
1381 2934 1535 3013 fercula,
1558 2932 1690 3023 etipse
1714 2936 1857 3004 adstans
1879 2933 1997 3029 inquit
2021 2936 2067 3003 ad
2091 2933 2197 3005 rusti·
2238 2929 2241 2942 ’

1203 3061 1302 3106 curn:
1331 3035 1489 3107 Comede
1503 3038 1547 3105 de
1564 3036 1748 3115 omnibus;
1777 3060 1843 3126 ego
1859 3062 1936 3106 sum
1955 3061 2017 3106 rex
2032 3035 2068 3105 in
2086 3038 2195 3105 domo

1203 3164 1296 3210 mea.
1348 3138 1515 3210 Rusticus
1533 3138 1702 3209 obediens
1719 3142 1890 3209 mandato
1906 3141 2004 3229 regio
2020 3141 2064 3208 de
2080 3139 2197 3207 omni·

1202 3243 1269 3314 bus
1283 3242 1426 3314 ferculis
1443 3242 1609 3313 comedit.
1662 3240 1757 3312 Tum
1778 3267 1840 3313 rex
1857 3242 1992 3336 inquit:
2029 3241 2086 3311 Tu
2111 3266 2197 3333 pru·

1204 3345 1346 3417 (leutius
1363 3345 1464 3435 egisti
1489 3368 1597 3438 quam
1619 3367 1705 3434 ego,
1734 3344 1817 3438 quia
1841 3345 1960 3414 vitasti
1984 3339 2197 3434 colaphum,

1204 3473 1290 3540 ego,
1331 3447 1432 3517 side
1459 3447 1626 3517 omnibus
1658 3447 1800 3517 ferculis
1834 3448 1930 3538 apud
1965 3458 1999 3515 te
2034 3446 2197 3531 edissem,

1204 3551 1313 3620 etiam
1340 3544 1529 3640 colaphum
1554 3550 1734 3621 vitassem.

1205 3699 1355 3774 ccxxi.
1390 3676 1463 3771 'lle
1497 3727 1640 3874 pucer
1668 3702 1847 3873 Cylgl'w
1880 3703 2113 3774 custodito
2146 3705 2196 3773 ab

1643 3829 1726 3895 nge
1756 3830 1803 3876 rs.

1308 3941 1391 4010 Fuit
1413 3945 1589 4035 quaedam
1616 3942 1765 4025 mulier,
1792 3966 1884 4036 quae
1902 3942 2003 4013 iussit
2020 3946 2197 4014 adducere

1205 4045 1317 4114 lilium
1346 4069 1450 4114 suum
1477 4046 1585 4114 hoves
1610 4058 1794 4137 pascentes
1827 4047 1864 4114 in
1897 4046 2064 4138 proximo
2098 4047 2199 4117 aditu

1206 4149 1347 4241 sylvae,
1371 4160 1406 4215 et
1421 4172 1500 4216 cum
1516 4172 1606 4238 puer
1621 4147 1817 4241 aliquando
1839 4148 1973 4220 diutius
1996 4174 2199 4220 commora-

1206 4263 1326 4332 retur,
1367 4249 1493 4318 incidit
1515 4275 1644 4341 magna
1669 4251 1751 4334 nix,
1793 4275 1884 4343 quae
1908 4275 2034 4321 omnes
2057 4264 2198 4323 montes

1208 4353 1416 4442 obtegebat,
1442 4365 1476 4420 et
1493 4375 1563 4421 nox
1579 4354 1864 4442 ingravescebat,
1897 4376 1942 4420 ne
1965 4376 2056 4443 puer
2079 4366 2200 4445 posset

1209 4453 1329 4546 egredi
1351 4479 1393 4522 ex
1419 4455 1611 4549 montibus.
1662 4452 1835 4524 Parentes
1860 4454 2033 4545 postridie
2056 4455 2199 4526 solliciti

1208 4582 1284 4627 non
1305 4558 1351 4626 dc
1376 4557 1510 4640 bobus,
1536 4559 1598 4626 sed
1618 4558 1662 4624 de
1679 4580 1815 4647 puero,
1841 4558 2050 4647 spectabant
2067 4560 2201 4627 adven·

1210 4674 1285 4730 tum
1304 4660 1426 4750 pueri,
1453 4684 1516 4727 nec
1540 4671 1707 4749 poterant
1725 4684 1813 4753 prae
1836 4660 1929 4731 nivis
1952 4661 2200 4750 magnitudine

1210 4762 1329 4853 egredi
1357 4775 1391 4830 et
1417 4786 1589 4857 quaerere
1613 4761 1738 4832 lilium.
1799 4762 1961 4832 Tandem
1986 4764 2201 4834 invenerunt

1210 4890 1293 4934 eum
1309 4864 1348 4931 in
1363 4865 1462 4957 sylva
1479 4866 1517 4935 in
1539 4866 1619 4934 loco
1643 4866 1786 4957 aprico,
1818 4866 1880 4934 nbi
1903 4866 2002 4935 nulla
2024 4868 2085 4937 nix
2112 4879 2201 4950 erat,

1209 4968 1390 5038 sedentem
1416 4981 1450 5036 et
1476 4968 1694 5038 arridentem
1717 4966 1927 5061 parentibus
1947 4968 2032 5040 suis.
2088 4966 2202 5038 lnter-

1210 5082 1357 5162 rogatus
1380 5083 1520 5154 autem,
1560 5096 1672 5167 quare
1694 5095 1769 5141 non
1790 5071 1924 5141 rediret
1945 5071 2115 5156 domum,
2147 5096 2202 5142 re-

1210 5173 1358 5266 spondit
1386 5198 1422 5241 se
1454 5186 1657 5264 expectare,
1705 5177 1820 5243 donec
1851 5196 1977 5267 vesper
2008 5176 2203 5258 accederet,

1210 5275 1370 5345 nesciens
1387 5277 1457 5343 iam
1475 5277 1569 5346 diem
1586 5277 1833 5368 praeteriisse,
1855 5300 1922 5345 nec
1937 5278 2076 5346 viderat
2091 5278 2201 5347 ullam

1211 5376 1329 5447 niv'em
1354 5377 1444 5446 circa
1471 5405 1518 5449 se.
1569 5379 1718 5449 Etcum
1743 5378 1897 5471 amplius
1919 5380 2202 5471 interrogarent,

1245 5583 1296 5640 94)
1317 5585 1338 5631 t.
1357 5581 1422 5632 cor.
1440 5581 1468 5644 t,
1486 5582 1512 5634 7.

1247 5667 1299 5727 06)
1321 5666 1409 5728 utet]
1427 5667 1469 5718 stc
1486 5667 1541 5719 tste
1559 5665 1791 5806 perpsngytqgtt
1809 5676 1876 5730 pros
1900 5664 2005 5728 uynt.
