5125 6525
258 373 332 451 ees
457 325 520 479 n¹
553 368 875 444 exnonreno
901 364 1208 443 maxsumum
1235 364 1303 439 so
1327 364 1531 438 aninum
1559 363 1734 440 runcis
1760 367 2093 445 nasamones.
2214 371 2296 452 ees

260 559 452 642 postquam
478 544 516 613 in
538 544 650 614 literis
672 543 870 636 significavi
894 567 961 614 nos
984 546 1028 610 de
1041 544 1136 612 bello
1157 542 1252 612 Tur·
1307 540 1512 634 provincias
1527 539 1730 612 'l'urcarum
1744 546 1981 629 traducerem,
1996 566 2182 637 nunquam
2199 559 2296 634 post·

262 651 338 721 cico
356 660 499 719 acturos
514 670 604 719 esse:
630 646 908 738 [acileintelligo
923 645 1101 737 vosipsos
1122 642 1255 736 (utde-
1307 667 1348 713 ca
1374 646 1418 713 de
1443 641 1624 714 bochello
1647 646 1805 737 cogitare
1829 647 1929 718 desii.
1983 649 2128 717 Actum
2149 645 2295 739 quidem

261 766 317 823 cet
342 750 519 844 sapientes
542 750 747 843 Principes,
783 763 818 818 et
841 750 939 820 viros
962 747 1193 843 fortissimos)
1219 759 1256 816 et
1307 748 1447 818 occasio
1471 751 1726 840 percommode
1750 762 1827 818 erat
1848 745 1954 820 huius
1970 749 2023 819 rei
2039 748 2297 839 suscipiendae.

261 853 474 946 intelligere,
491 854 614 947 quida
630 854 732 923 vobis
748 864 844 923 totus
859 852 956 922 orbis
971 852 1254 933 terrarum,uni-
1306 847 1402 924 Nam
1433 863 1514 940 post
1534 845 1732 920 Mahometi
1765 865 1918 921 mortem
1942 874 2071 944 magna
2096 854 2141 921 de
2161 876 2298 924 succes·

261 980 366 1029 versa
383 952 516 1026 Christi
532 955 711 1039 Ecclesia,
736 955 890 1047 dignitas
909 951 1014 1023 huius
1033 952 1177 1045 lmperii
1198 976 1255 1022 re·
1306 953 1408 1022 sione
1424 951 1519 1022 inter
1533 952 1660 1024 fratres
1676 955 1855 1027 discordia
1873 967 1962 1025 erat.

262 1061 400 1155 quirat:
436 1071 473 1127 et
503 1059 644 1140 animos
671 1070 808 1128 vestros
832 1081 873 1127 ea
897 1057 1028 1126 virtute
1052 1080 1093 1125 ac
1113 1055 1256 1125 sortitu·
1410 1053 1560 1126 Sisimus
1580 1057 1688 1126 etiam
1704 1056 1815 1128 armis
1829 1057 2000 1127 invadere
2019 1079 2169 1147 regnum
2191 1080 2298 1126 cona·
2359 1131 2361 1136 ,

261 1163 348 1232 dine
372 1160 554 1254 praeditos
577 1184 671 1244 esse,
710 1173 750 1230 ut
777 1161 910 1231 bellum
936 1162 1121 1242 omnium,
1164 1180 1256 1252 quae
1307 1161 1426 1231 batur.
1478 1157 1599 1250 Quare
1628 1160 1667 1227 in
1692 1154 1748 1230 his
1771 1154 1968 1251 provinciis
1990 1183 2066 1230 uon
2088 1159 2172 1230 satis
2193 1161 2297 1228 brena

261 1288 426 1358 unquam
447 1265 611 1346 fuerunt,
643 1263 875 1335 iustissimum
897 1275 931 1332 et
960 1261 1255 1353 gloriosissimum
1308 1259 1486 1355 praesidia
1511 1274 1630 1329 erant:
1661 1274 1697 1330 et
1719 1273 1761 1331 ut
1781 1275 1956 1356 quantum
1982 1286 2145 1354 possem,
2177 1261 2299 1353 provi·

264 1366 434 1436 omnibus
451 1368 544 1437 votis
559 1366 742 1458 expetatis.
1310 1367 1454 1446 derem,
1480 1364 1608 1457 nequi
1629 1364 1816 1434 domestici
1840 1379 1959 1437 motus
1983 1389 2050 1436 nos
2072 1387 2299 1434 remoraren-

367 1468 489 1560 Quare
511 1469 675 1539 existimo
697 1463 788 1537 mihi
811 1492 886 1537 non
902 1469 1009 1558 longa
1028 1466 1193 1537 oratione
1211 1467 1255 1534 ad
1308 1481 1389 1548 tur,
1414 1467 1528 1557 legem
1549 1468 1594 1534 de
1615 1477 1732 1535 vestra
1756 1468 1931 1536 sententia
1954 1467 2041 1550 tuli,
2076 1468 2114 1536 in
2138 1468 2298 1561 quodam

264 1594 329 1639 vos
344 1569 547 1640 incitandos
561 1594 652 1663 opus
669 1595 755 1654 esse,
782 1584 818 1640 et
833 1559 1121 1662 expectarifme
1137 1566 1257 1661 potius
1310 1581 1508 1651 conventu,
1545 1570 1589 1637 de
1616 1591 1704 1658 paee
1733 1570 1931 1640 decennali.
1992 1569 2126 1638 Verum
2154 1568 2216 1662 qni
2240 1593 2299 1637 me

264 1672 449 1741 classicum
470 1676 516 1743 ad
531 1674 717 1743 inserenda
735 1673 856 1763 sigua,
883 1697 991 1766 quam
1008 1669 1101 1740 hanc
1116 1673 1154 1739 in
1174 1683 1256 1762 toga
1308 1668 1399 1741 haec
1421 1683 1608 1762 parantem
1631 1670 1759 1742 fluctus
1780 1671 1899 1741 subito
1924 1672 2152 1763 exceperunt!
2203 1670 2300 1741 Galli
2416 1677 2421 1686 “

264 1787 300 1843 et
322 1774 361 1842 in
385 1776 483 1844 curia
506 1771 811 1846 adhortationem.
864 1774 932 1844 Sed
949 1787 1069 1844 tamen
1085 1773 1167 1843 belli
1182 1797 1257 1841 ma-
1309 1798 1385 1843 non
1407 1772 1523 1843 solum
1545 1796 1603 1841 me
1620 1774 1664 1840 de
1679 1773 1903 1864 possessione
1917 1772 2150 1865 Burgundiac
2167 1795 2301 1865 perse-
2402 1790 2405 1798 ·

264 1875 415 1967 gnitudo
439 1890 474 1945 et
497 1878 685 1948 difficultas
705 1877 863 1970 primum
891 1877 1147 1948 deliberatione
1170 1899 1258 1970 qua-
1310 1877 1485 1945 ditionem
1510 1874 1663 1944 deiicere
1680 1878 1798 1945 conati
1816 1889 1919 1960 sunt,
1943 1876 2129 1946 sedetiam
2145 1899 2228 1946 meo
2243 1897 2301 1945 ca-

265 1980 350 2046 dam
372 1992 469 2069 eget,
495 2003 570 2049 non
594 1993 716 2051 utrum
732 1980 778 2052 sit
792 1980 1030 2050 inferendum.
1082 1978 1175 2051 Nam
1192 1978 1259 2048 etsi
1309 1980 1377 2072 piti
1392 1978 1539 2049 insidias
1557 2002 1622 2071 per
1639 2003 1818 2048 summum
1833 1981 1946 2051 scelus
1963 1991 2181 2051 struxerunt.

264 2076 385 2151 hostes
409 2104 475 2152 nos
493 2083 587 2152 bello
603 2105 679 2150 non
693 2084 927 2167 lacesserent,
953 2106 1028 2152 non
1043 2083 1081 2153 in
1097 2081 1259 2152 finitimis
1311 2097 1314 2102 '
1413 2080 1543 2152 Postea
1558 2081 1681 2163 ltalia,
1708 2105 1801 2175 quae
1818 2082 1992 2173 proximis
2007 2081 2111 2152 anuis
2127 2080 2302 2172 ungheri

265 2182 372 2264 locis,
398 2196 434 2252 et
459 2208 574 2277 paene
596 2187 633 2254 in
650 2198 841 2277 conspeetu
857 2197 983 2256 nostro
999 2197 1258 2278 grassarentur,
1311 2183 1460 2256 consilio
1481 2183 1596 2277 patris
1612 2184 1683 2252 mei
1702 2198 1828 2275 pacata
1844 2186 1981 2269 luerat,
2007 2185 2136 2255 iterum
2152 2181 2301 2254 Gallicis

265 2297 388 2354 umen
415 2288 576 2378 oportuit
600 2312 667 2359 nos
680 2289 834 2358 liberare
849 2291 971 2357 orbem
994 2301 1172 2357 terrarum
1191 2282 1258 2355 bac
1312 2287 1423 2357 armis
1444 2286 1653 2377 perturbata
1675 2299 1740 2374 est.
1791 2286 1885 2357 Nem
1908 2287 2075 2379 proximo
2099 2309 2195 2356 anno
2219 2296 2302 2378 post

266 2387 509 2476 crudelissima
525 2403 634 2483 atque
650 2391 761 2483 impia
775 2389 960 2474 barbarie,
987 2402 1023 2458 et
1042 2414 1084 2459 ex
1101 2388 1258 2460 miserri-
1310 2401 1465 2457 mortem
1491 2388 1605 2479 patris
1635 2389 1724 2471 mei,
1758 2387 1909 2459 Carolus
1930 2386 2023 2459 Vlll.
2051 2413 2132 2459 cum
2163 2387 2301 2480 ingenti

265 2513 325 2558 ma
341 2490 510 2560 servitute
526 2504 581 2559 tot
597 2492 763 2561 nationes
780 2514 968 2583 oppressas
985 2492 1136 2582 eripere.
1188 2490 1259 2559 sed
1312 2490 1468 2559 exercitu
1493 2491 1627 2558 bonam
1649 2486 1773 2559 Italiae
1801 2501 1941 2582 partem
1971 2487 2149 2560 hostiliter
2175 2513 2303 2581 perva-

266 2591 355 2660 illud
389 2592 660 2662 deliberandum
700 2606 771 2677 est,
812 2617 893 2662 cum
922 2606 1043 2661 tantae
1070 2595 1143 2663 sint
1173 2615 1259 2683 opes
1284 2509 1288 2663 i
1311 2604 1413 2684 gatus
1435 2604 1501 2662 est.¹
1551 2590 1695 2662 Etenim
1721 2616 1796 2662 non
1820 2595 1932 2661 modo
1948 2591 2228 2684 Neapolitanum
2246 2615 2302 2660 re·

222 2732 228 2738 .
267 2715 310 2760 ac
333 2692 428 2763 vires
451 2693 595 2764 Turcici
617 2694 737 2786 regni,
769 2719 849 2764 cum
874 2698 1047 2766 exercitus
1063 2696 1102 2762 in
1117 2695 1259 2786 longio·
1284 2671 1288 2809 l
1311 2683 1421 2785 gnum
1445 2717 1619 2786 occupare
1641 2696 1861 2778 conabatur,
1887 2698 1948 2766 sed
1966 2708 2001 2765 ct
2015 2695 2324 2765 Mediolanenses.

266 2818 358 2888 quas
386 2797 551 2885 regiones
580 2797 811 2879 traducendi,
853 2821 933 2866 cum
963 2799 1124 2869 fortassis
1146 2796 1260 2889 pluri-
1309 2797 1405 2866 bello
1423 2799 1571 2867 adortus
1591 2809 1655 2868 est.
1872 2883 1878 2896 .

265 2897 334 2967 bus
362 2897 448 2967 locis
475 2911 510 2967 et
533 2899 649 2990 longo·
666 2912 829 2991 tempore
851 2900 985 2970 bellum
1010 2901 1171 2971 futurum
1197 2899 1256 2981 sit,
1415 2898 1497 2992 Qua
1521 2922 1562 2968 ex
1586 2923 1624 2969 re
1647 2898 1886 2970 animadverti
1911 2900 2050 2992 potuit,
2083 2924 2165 2970 eum
2190 2899 2304 2969 totius

267 3000 413 3092 quentis
437 3017 528 3091 opus
549 3002 596 3073 sit
616 3002 748 3093 copiis,
775 3026 821 3069 an
839 3025 910 3072 una
926 3002 1140 3073 Germanica
1158 3000 1258 3070 natio
1310 2997 1434 3070 ltaliae
1465 2995 1748 3071 dominationem
1765 3004 1848 3073 ¹sibi
1877 2997 2051 3094 polliceri.
2110 3001 2236 3095 ltaque
2267 3011 2304 3070 et

265 3113 388 3172 tantos
424 3104 598 3173 conficere
638 3105 830 3186 exercitus,
871 3104 1026 3174 tolerare
1062 3117 1200 3175 sumtus
1214 3102 1260 3200 ¹),
1311 3104 1392 3175 misi
1415 3104 1547 3173 auxilia
1569 3105 1608 3172 in
1631 3102 1769 3173 ltaliam
1797 3107 1842 3173 ad
1866 3106 2109 3176 defendendas
2128 3103 2303 3172 Mediolo-

268 3226 392 3288 arma‚
424 3228 554 3300 equos,
579 3205 819 3299 stipendium,
846 3221 1066 3279 commeatus
1092 3207 1260 3300 snppedi·
1310 3230 1438 3278 nenses
1462 3219 1586 3277 contra
1605 3206 1771 3289 Callum,
1802 3220 1837 3277 et
1858 3231 1902 3277 eo
1924 3207 2117 3277 exercitum
2140 3205 2216 3298 ipse
2241 3206 2304 3275 ad·

268 3318 346 3375 tare
369 3310 501 3399 possit3
541 3310 606 3404 qui
626 3309 762 3401 Reges,
801 3313 861 3402 qui
890 3311 1015 3401 populi
1042 3312 1089 3379 ad
1110 3310 1260 3380 socicta-
1310 3309 1409 3378 duxi.
1459 3311 1516 3379 Ad
1532 3305 1620 3377 haec
1637 3310 1888 3392 incommoda,
1914 3310 2088 3380 tumultus
2104 3306 2303 3401 llnngarici

267 3421 340 3478 tem
364 3406 471 3482 huius
498 3411 734 3502 pulcerrimae
758 3412 908 3480 militiae
933 3412 1081 3502 adiungi
1104 3412 1260 3504 possint3
1312 3415 1438 3480 eodem
1473 3413 1547 3480 fere
1578 3424 1741 3502 tempore
1772 3413 1999 3482 accedebant.
2057 3411 2186 3483 Postea
2215 3412 2301 3480 dum

268 3534 316 3580 an
339 3512 389 3580 ita
412 3513 450 3580 in
469 3511 617 3604 Europa
641 3537 712 3604 pax
732 3513 922 3583 constituta
949 3515 1014 3597 sit,
1043 3536 1089 3583 ne
1112 3536 1191 3596 me,
1224 3526 1260 3583 et
1312 3527 1391 3581 orta
1408 3512 1499 3581 bella
1516 3514 1675 3608 nudique
1692 3514 1730 3582 in
1746 3515 1940 3584 Germania
1958 3527 1994 3584 et
2009 3513 2125 3609 ltalia,
2152 3513 2302 3585 consilio

266 3636 333 3686 vos
367 3639 410 3683 ex
441 3616 560 3683 medio
590 3638 696 3684 cursu
727 3628 896 3684 revocent
925 3613 1090 3686 homines
1118 3615 1260 3707 perfidi,
1312 3629 1420 3709 atque
1443 3615 1552 3685 armis
1574 3606 1700 3686 sedare
1723 3621 1903 3688 contendo
1933 3616 1990 3709 (ut
2012 3619 2217 3709 postulabat
2240 3638 2304 3685 ne·

267 3717 352 3810 qui,
384 3729 425 3784 ut
449 3739 556 3807 saepe
577 3730 682 3786 antea
701 3718 848 3799 accidit,
875 3718 931 3787 vel
955 3741 1018 3809 per
1035 3719 1259 3788 occasionem
1312 3718 1453 3788 cessitas
1470 3717 1630 3811 publico)
1654 3720 1799 3802 diutius,
1824 3744 1932 3814 quam
1948 3721 2133 3804 volebam,
2158 3719 2303 3789 differre

267 3838 445 3909 occupare
479 3832 602 3889 nostra
636 3821 883 3904 conabuntur,
917 3823 972 3889 vel
1004 3823 1102 3912 turpi
1138 3822 1259 3914 aliqua
1311 3820 1499 3890 consilium
1515 3824 1560 3888 de
1577 3824 1755 3891 movendo
1771 3822 1926 3893 'l'ureico
1942 3824 2036 3892 bello
2053 3835 2196 3894 coactus
2211 3845 2303 3892 sum.

265 3944 349 3989 cum
373 3916 535 3991 hostibus
558 3923 724 4013 pactione
747 3922 859 4001 laetu,
876 3935 1072 4004 metuent,
1096 3947 1151 3992 -ne
1171 3925 1260 3994 tinc's
1413 3920 1483 3992 Sed
1507 3936 1680 4016 quantum
1700 3925 1858 3995 iudicare
1874 3950 2039 4018 possum,
2062 3926 2234 3996 divinitus
2252 3923 2302 3992 ita

265 4019 413 4114 imperii
434 4027 670 4114 proferamus.
838 4048 842 4055 ’
1311 4038 1536 4096 resextrncta
1555 4039 1619 4097 est.
1657 4027 1750 4098 Nam
1768 4041 1803 4096 et
1819 4040 1960 4120 tempus
1975 4028 2132 4110 interea,
2159 4040 2195 4096 et
2212 4023 2302 4096 haee

331 4152 334 4157 ·
367 4121 425 4194 D'e
448 4121 504 4198 his
529 4129 635 4198 rebus
657 4122 731 4198 scio
754 4149 849 4197 ame
861 4127 997 4220 requiri
1016 4128 1217 4197 orationem
1238 4150 1258 4196 a
1310 4128 1403 4196 bella
1428 4128 1584 4197 afferunt
1606 4130 1711 4201 nobis
1734 4152 1901 4220 magnam
1924 4132 2128 4200 facultatem
2152 4142 2188 4198 et
2205 4152 2302 4196 corn·

266 4229 504 4320 prudentibus
530 4230 708 4300 omnibus.
760 4229 860 4300 Nam·
880 4254 938 4299 me
960 4230 1105 4322 quidem
1128 4232 1165 4298 in
1188 4227 1259 4300 hoc
1311 4233 1418 4299 moda
1445 4233 1490 4299 ed
1516 4230 1709 4300 'l'urcicum
1733 4232 1878 4302 bellum.
1938 4232 2076 4302 Partim
2102 4230 2198 4300 enim
2218 4241 2303 4298 sunt

266 4328 413 4422 lmperii
434 4332 593 4422 fastigio,
625 4356 701 4402 non
722 4332 838 4402 solum
863 4332 902 4400 in
923 4333 998 4400 acie
1021 4335 1148 4401 ducem
1171 4354 1259 4416 esse,
1311 4332 1439 4401 domiti
1454 4332 1564 4404 armis
1578 4329 1636 4415 hi,
1663 4357 1818 4426 quorum
1835 4334 2032 4424 potentiam
2050 4335 2213 4402 absentee
2228 4332 2302 4400 lor·

265 4436 329 4504 sed
350 4433 466 4505 multo
487 4433 600 4525 magis
623 4429 730 4504 huius
750 4434 885 4525 publici
907 4435 1046 4505 consilii
1061 4437 1187 4503 ducem
1206 4447 1259 4503 at·
1311 4436 1482 4504 midaturi
1506 4459 1661 4506 eramus.
1713 4434 1924 4528 llispaniam
1948 4461 1988 4505 ac
2003 4436 2183 4528 Neapoliu
2203 4446 2302 4504 tenet

267 4561 337 4630 que
368 4550 531 4607 autorem
559 4561 634 4607 esse
657 4539 835 4608 convenit.
895 4537 1019 4629 Quare
1043 4537 1113 4608 nisi
1136 4539 1182 4607 de
1202 4533 1259 4608 bis
1311 4537 1461 4608 Carolus
1486 4563 1585 4608 mens
1609 4561 1739 4630 nepos;
1769 4539 1979 4629 Burgundio
2005 4551 2080 4608 tota
2105 4537 2300 4631 tranquilla

264 4641 377 4710 tantis
396 4643 523 4724 rebus,
549 4640 611 4708 diu
632 4641 858 4734 multumque
882 4652 936 4709 tot
958 4639 1029 4709 iam
1047 4641 1258 4711 exercitatus
1310 4653 1381 4725 est;
1406 4641 1549 4710 Gallum
1564 4641 1669 4710 uobis
1682 4641 1854 4711 beneficio
1869 4667 1909 4711 ac
1924 4642 2067 4711 loedere
2083 4641 2302 4725 devinctum,

265 4742 389 4825 bellis,
421 4755 457 4813 et
487 4764 619 4831 magna
647 4743 814 4811 fortunae
839 4743 1012 4812 varietate
1036 4744 1258 4833 cogitassem,
1310 4745 1358 4812 ad
1373 4742 1579 4816 societatem
1593 4744 1690 4827 belli,
1708 4757 1749 4813 ut
1762 4768 1880 4836 spero,
1899 4745 2144 4835 adiungemus.
2178 4743 2301 4837 Quare

265 4847 429 4936 profecto
463 4839 742 4936 reprehensione
775 4845 937 4915 omnium
971 4845 1100 4936 dignus
1133 4868 1257 4916 essem.
1310 4858 1442 4915 certam
1486 4846 1782 4941 tranquillitatem
1823 4849 1922 4916 domi
1954 4849 2165 4939 promittere
2196 4845 2302 4915 nobis

266 4946 342 5015 sed·
361 4944 451 5017 mibi
475 4948 629 5032 credite,
655 4971 736 5016 cum
758 4947 803 5017 ab
826 4947 993 5038 auspiciis
1018 4949 1126 5030 meis,
1152 4972 1258 5017 recu·
1308 4972 1510 5040 possumus.
2342 4942 2344 4947 ’

265 5061 392 5141 perata
419 5050 583 5133 dustria,
615 5064 699 5143 post
730 5062 884 5119 mortem
917 5049 1026 5140 Regis
1052 5049 1258 5142 Hungariae
1313 5129 1315 5133 .
1415 5050 1493 5119 Hoc
1523 5065 1631 5144 capnt
1653 5065 1707 5123 est
1731 5050 1878 5142 negotii.
1936 5051 2029 5125 Nam
2054 5053 2193 5147 reliqua
2217 5073 2302 5142 pars

263 5145 442 5221 Matthiae
461 5152 697 5236 Hunniadae,
723 5176 875 5246 cumque
899 5151 1111 5243 expulissem
1134 5153 1259 5244 ingen.-
1310 5152 1580 5224 deliberationis
1600 5156 1716 5225 multo
1740 5167 1793 5225 cst
1814 5154 1966 5226 facilior.
2018 5154 2116 5225 llaec
2137 5178 2195 5223 me
2215 5174 2299 5224 cure

266 5265 339 5323 tem
355 5255 547 5324 exercitum
564 5256 766 5325 Turcarum
782 5278 825 5324 ex
840 5253 1006 5339 Croatia,
1032 5249 1123 5323 nihil
1146 5256 1259 5347 magis
1310 5256 1383 5325 iam
1418 5280 1532 5327 annos
1563 5257 1717 5348 amplius
1748 5257 1876 5348 viginti
1899 5258 2075 5341 exercuit,
2109 5255 2302 5348 praecipue

265 5352 309 5425 in
326 5356 422 5427 votis
443 5352 534 5425 mihi
554 5358 682 5441 suerit,
716 5381 825 5452 qaram
844 5369 886 5427 ut
912 5380 996 5426 mox
1021 5358 1195 5429 exercitus
1213 5360 1259 5427 'in
1311 5361 1496 5453 quomodo
1518 5383 1642 5452 pacem
1658 5361 1696 5429 in
1711 5360 1858 5454 Europa
1875 5363 2016 5430 firmam
2034 5358 2300 5429 constituerem.

1311 5459 1416 5532 llunc
1436 5458 1527 5531 mihi
1548 5464 1655 5534 linem
1679 5465 1842 5534 omnium
1863 5464 2040 5534 bellorum
2060 5481 2201 5551 semper
2215 5480 2301 5550 pro-
2334 5481 2339 5499 “

303 5523 334 5588 1)
352 5528 477 5589 suntne]
494 5525 537 5577 ele
555 5529 632 5576 recte
649 5524 735 5580 rete.
753 5526 852 5593 tm,
871 5524 966 5591 mh,
989 5524 1064 5581 lm.
1072 5542 1083 5594 3
1099 5526 1162 5580 Ἤ.
1183 5526 1259 5580 idn.
1404 5565 1414 5582 .
1673 5567 1682 5584 .
1935 5568 1945 5584 .
2171 5567 2173 5571 -

284 5612 309 5635 ··
338 5598 459 5647 nutu.
1311 5588 1435 5657 pesum
1459 5587 1534 5635 non
1557 5580 1599 5636 nt
1619 5566 1726 5639 lateus
1740 5568 1828 5637 lines
1844 5588 1945 5658 regns
1964 5564 2210 5645 extenderem,
2238 5561 2299 5631 sed
