5125 6525
258 399 338 478 498
536 393 597 472 ΙΙΙ.
647 391 715 468 lili
738 391 1105 471 mortonem
1130 383 1484 470 CORON'ATIONE
1511 391 1692 469 cattum
1714 395 1761 469 V.
1784 394 2024 478 CAESARIS.
2221 399 2299 478 494

258 575 364 644 Ιιιιιιι
380 567 546 664 imperii,
570 567 649 641 sine
662 567 875 654 autoritate,
900 567 977 640 sine
990 565 1127 638 vin‘bus
1142 579 1254 659 gerat.
1308 591 1454 640 morum
1486 561 1698 653 hominum,
1732 568 1795 664 qni
1826 593 1907 640 eum
1931 569 2207 642 familiarissime
2233 599 2300 645 no-

258 673 412 769 ltaque
424 673 586 743 antefero
616 671 788 744 Carolum
818 667 1056 742 Archiducem
1086 670 1254 742 Austriae
1308 683 1414 756 runt,
1440 669 1477 741 et'
1496 671 1698 742 acutissime
1722 671 1802 741 ιιι
1790 671 1942 765 ingeniis
1963 673 2122 743 iudicare
2137 677 2299 766 possunt,

261 776 413 850 caeteris
434 774 653 848 Germaniae
673 774 916 868 principibus,
950 786 986 844 et
1010 774 1254 858 incommoda,
1307 775 1491 866 exploravi
1516 775 1721 854 sententias.
1773 774 1820 844 Hi
1842 776 2033 869 probant
2020 778 2224 870 ingenium,
2257 803 2299 849 ac

261 904 357 977 quae
384 881 430 950 de
453 878 549 950 illius
569 878 743 949 electione
766 878 887 970 colligi
914 888 1082 971 possunt,
1117 875 1254 947 leviora
1308 877 1503 946 mirifice
1471 901 1547 949 ιιιιι
1561 877 1760 947 bonitatem
1777 879 1936 951 laudant.

260 983 383 1053 iudico
398 981 588 1064 omnibus,
614 1004 707 1076 quae
722 982 869 1052 alterius
882 981 1093 1073 cuiusquam
1112 978 1256 1049 electio-
1409 979 1647 1051 Postremo'
1618 1007 1648 1052 ιι
1675 980 1750 1051 de
1739 981 1885 1072 ingenio
1907 981 2111 1052 coniectura
2135 983 2297 1055 facienda

260 1107 345 1156 nem
380 1098 544 1157 secutura
575 1096 704 1156 essent.
760 1083 927 1154 Primum
963 1082 1065 1173 origo
1093 1094 1147 1152 est
1170 1104 1255 1150 vere
1298 1061 1360 1152 ιιι
1376 1105 1418 1151 ex
1434 1094 1563 1152 natura
1580 1083 1759 1153 maiorum
1769 1082 1884 1204 (quia
1903 1085 2079 1181 quaedam
2100 1084 2298 1182 similitudo

260 1186 499 1268 Germanica;
538 1209 605 1256 nec
637 1186 709 1256 dici
735 1198 871 1280 potest,
904 1209 971 1257 nos
999 1184 1255 1255 retransferre
1307 1207 1503 1276 propagari
1491 1185 1649 1282 solct),
1669 1185 1919 1271 meminimus,
1952 1200 2086 1282 quanta
2103 1187 2157 1261 vis
2174 1189 2299 1275 animi,

260 1291 455 1384 imperium
482 1290 710 1373 adulatos,
735 1289 842 1359 titulo
859 1301 963 1359 tenus
976 1287 1175 1380 principem
1191 1281 1256 1356 ba·
1306 1287 1519 1379 prudentia,
1544 1286 1691 1370 iustitia,
1716 1289 1905 1374 fortitudo,
1928 1291 2148 1361 continentia
2166 1292 2205 1360 in
2222 1291 2300 1362 Ma·

260 1395 348 1464 bere
372 1392 638 1464 Germanicum.
690 1391 855 1463 Possidet
877 1390 974 1462 enim
996 1390 1035 1459 in
1058 1389 1255 1460 Germania
1306 1389 1627 1461 ximilianofuerit.
1672 1388 1713 1458 ln
1734 1404 1837 1482 patre
1853 1389 2023 1486 Philippo
2045 1395 2236 1465 dexteritas
2263 1407 2300 1465 et

261 1495 417 1566 ditiones
442 1492 634 1587 plurimas,
667 1518 760 1590 quae
784 1506 915 1587 parent
938 1504 1064 1564 nostro
1088 1492 1256 1585 imperio,
1307 1491 1481 1562 industria
1497 1490 1686 1584 singularis
1702 1506 1789 1565 erat.
1814 1495 1899 1568 Non
1913 1495 2040 1567 dubito
2056 1512 2189 1582 autem,
2208 1497 2298 1592 quin

261 1610 298 1668 et
315 1620 469 1692 quarum
485 1597 628 1691 aliquae
646 1608 750 1666 antea
770 1609 988 1690 pepererunt
1004 1592 1255 1687 imperatores.
1308 1595 1487 1665 maiorum
1502 1607 1670 1665 naturam
1688 1593 1839 1667 Carolus
1854 1599 1998 1669 referat.
2039 1599 2114 1670 Nec
2132 1614 2229 1670 aetas
2247 1612 2299 1670 ιιι

259 1700 336 1774 Nec
360 1699 530 1770 credibile
554 1711 626 1782 ιιι,
659 1693 729 1768 hoc
752 1699 876 1768 animo
895 1720 969 1770 esse
984 1697 1155 1768 Carolum
1172 1719 1256 1789 erga
1308 1700 1554 1788 aspernanda,
1587 1722 1680 1793 quae
1711 1697 1782 1767 iarn
1805 1711 1946 1770 matura
1971 1712 2024 1772 est
2044 1703 2150 1772 rebus
2174 1726 2301 1795 geren·

259 1801 440 1896 patriam,
473 1815 515 1873 ιιι
536 1800 624 1870 velit
636 1798 842 1885 Austriam,
870 1813 932 1871 aut
945 1800 1074 1892 Belgas
1099 1797 1256 1894 opprimi
1308 1799 1374 1871 dis.
1425 1797 1499 1871 Nec
1523 1800 1618 1870 enim
1641 1803 1867 1894 quaerendus
1889 1807 1942 1873 esi
1963 1827 2071 1874 senex
2087 1801 2300 1897 imperator,

259 1904 432 1976 servitute
449 1906 495 1974 ab
509 1903 717 1975 ullaextera
735 1905 894 1975 natione.
941 1902 1038 1997 Ergo
1055 1904 1100 1972 de
1116 1903 1256 1994 origine
1307 1914 1360 1985 ιιι,
1382 1927 1462 1972 ιιιιιι
1478 1904 1627 1973 biduum
1646 1916 1708 1974 aut
1723 1903 1881 1975 triduum
1898 1905 2097 1998 imperarit,
2112 1920 2235 1999 postea
2255 1909 2300 1976 de

260 2005 385 2078 Caroli
410 2007 510 2078 nulla
544 2006 788 2098 disputatione
814 2031 914 2099 opus·
932 2018 995 2078 est.
1046 2004 1094 2076 Et
1119 2006 1150 2077 si
1175 2005 1256 2100 quis
1308 2005 1480 2075 electione
1497 2005 1583 2076 novi
1602 2007 1774 2078 tumultus
1793 2009 1970 2079 oriantur.

259 2109 448 2201 scrupulus
469 2122 540 2193 est,
563 2133 612 2179 ne
637 2111 875 2181 transferatur
889 2109 1081 2202 imperium
1098 2110 1143 2178 ad
1160 2121 1256 2179 exte·
1410 2107 1548 2181 Videtis
1571 2109 1609 2179 in
1622 2106 1693 2178 hoc
1708 2122 1833 2181 nostro
1850 2134 2045 2195 consensu,
2069 2135 2176 2206 quam
2198 2111 2298 2180 varis

259 2235 340 2296 ros,
381 2206 557 2283 habemus
578 2211 763 2282 solennem
789 2214 985 2284 formulam
1010 2211 1256 2296 iurisiurandi,
1307 2210 1380 2282 sint
1414 2213 1609 2283 multorum
1636 2213 1776 2304 Regum
1812 2214 2007 2284 certamina
2040 2215 2083 2284 de
2109 2214 2298 2285 electione:

260 2315 358 2387 iuxta
383 2339 493 2409 quam
518 2315 626 2384 {idem
647 2314 747 2386 dabit
763 2311 936 2399 Carolus,
970 2338 1007 2386 se
1027 2338 1104 2383 non
1122 2315 1256 2383 labefa-
1308 2314 1395 2408 qnid
1408 2314 1441 2406 ²)
1474 2317 1636 2385 futurum
1671 2327 1723 2384 est
1746 2315 1963 2410 aliquando,
2001 2317 2063 2386 ubi
2090 2318 2301 2389 dissentient

261 2429 403 2488 cturum
426 2429 490 2487 aut
510 2427 734 2487 mutaturum
758 2417 837 2487 iura
861 2415 1045 2487 electionis
1062 2429 1205 2487 nostrae
1221 2428 1257 2485 et
1307 2415 1512 2487 Electores?
1559 2415 1707 2485 Utinam
1724 2416 1868 2510 quidem
1884 2418 2088 2488 Electorum
2106 2419 2299 2489 concordia

259 2517 429 2611 imperii
429 2530 575 2590 statum.
635 2517 761 2590 Cum
749 2519 859 2611 igitur
881 2531 917 2589 et
942 2517 1082 2608 origine
1105 2542 1189 2588 vere
1210 2517 1256 2589 sit
1308 2529 1479 2609 perpetua
1504 2517 1567 2598 sit;
1601 2521 1662 2588 sed
1687 2520 1798 2588 multa
1822 2520 1979 2589 incidere
2001 2534 2170 2612 possunt,
2197 2543 2300 2612 prae·

261 2621 486 2705 Germanus,
514 2633 551 2690 ιι
571 2632 734 2713 tempora
758 2621 921 2715 flagitent
937 2633 1121 2712 potentem
1140 2617 1257 2713 lmpe·
1307 2621 1429 2690 sertim
1456 2619 1495 2688 in
1517 2616 1585 2690 hac
1603 2621 1810 2713 disciplina,
1837 2646 1879 2692 ac
1895 2645 2038 2692 morum
2056 2624 2301 2716 corruptione,

261 2734 440 2793 retorem:
484 2746 611 2793 censeo
642 2723 813 2794 Carolum
844 2722 1073 2794 Austriacum
1103 2719 1256 2793 evehen·
1308 2734 1342 2790 et
1359 2721 1586 2814 gliscentibus
1601 2722 1856 2797 Ecclesiasticis
1874 2725 2082 2810 discordiis,
2107 2751 2200 2821 qnae
2223 2724 2300 2796 ani·

261 2828 349 2897 dum
374 2849 450 2898 esse
474 2828 521 2896 ad
534 2826 677 2919 imperii
694 2827 888 2919 fastigium.
939 2826 1050 2919 Quod
1069 2825 1187 2918 ipsum
1203 2840 1255 2895 ta·
1307 2847 1387 2895 mos
1411 2848 1536 2895 eorum
1561 2825 1778 2920 disiungant.
1831 2828 1953 2921 Quare
1970 2827 2174 2920 interregna
2192 2827 2298 2919 plena

260 2951 348 2999 men
371 2953 448 2999 non
464 2930 641 3014 facerem,
667 2929 737 3000 nisi
752 2929 892 3000 indoles
907 2928 1203 3000 eiusnobisnota
1220 2939 1256 2997 et
1306 2926 1550 3019 periculorum
1573 2929 1693 3001 fumea
1710 2942 1804 3001 sunt.
1854 2931 2002 3003 Accedit
2016 2943 2053 3001 et
2066 2931 2175 3014 illud,
2201 2932 2301 3025 quod

260 3031 414 3126 probata
446 3043 548 3103 esset.
607 3030 782 3102 Omnium
805 3030 1045 3101 maximarum
1066 3031 1255 3115 virtutum,
1307 3029 1459 3102 Carolus
1483 3043 1605 3102 utetur
1627 3033 1841 3103 consiliariis
1864 3035 1942 3116 avi,
1977 3047 2014 3103 et
2029 3035 2123 3125 leget
2143 3034 2181 3101 in
2197 3055 2300 3104 sena·

259 3133 474 3228 praesertim
489 3135 529 3203 in
543 3134 728 3227 principe,
753 3135 834 3207 fons
852 3145 925 3218 est,
950 3157 1055 3204 amor
1071 3133 1256 3227 religionis
1306 3144 1383 3204 tum
1400 3132 1581 3225 principes
1596 3134 1851 3218 Germanicos,
1878 3136 1956 3206 sine
1971 3161 2126 3230 quorum
2149 3135 2299 3207 consilio

261 3233 498 3310 Christianae.
567 3236 665 3308 Haec
694 3237 810 3310 virtus
841 3235 1020 3330 imprimis
1049 3237 1184 3308 eminet
1216 3237 1256 3306 in
1306 3230 1397 3305 nihil
1411 3238 1456 3304 de
1471 3237 1637 3308 maximis
1651 3239 1757 3309 rebus
1774 3239 1953 3309 decernet.

261 3340 407 3414 Carolo.
469 3341 593 3435 Quare
615 3353 804 3434 pactorum
829 3351 865 3409 et
886 3340 1120 3410 iurisiurandi
1142 3340 1256 3409 viola-
1410 3336 1569 3430 Exposui
1594 3364 1736 3422 causas,
1762 3363 1875 3435 quare
1896 3340 2067 3412 Carolum
2093 3341 2297 3434 eligendum

261 3444 398 3515 tionem
420 3455 596 3541 tanquam
620 3467 800 3514 summum
826 3443 939 3512 scelus
964 3443 1172 3514 detestatur.
1221 3442 1255 3512 Α
1307 3463 1382 3510 esse
1403 3451 1577 3511 statuam:
1613 3466 1655 3511 ac
1678 3466 1761 3512 meo
1784 3443 1917 3513 iudicio
1940 3444 1989 3513 ita
2016 3443 2150 3514 multae
2173 3467 2299 3536 grates

261 3547 474 3629 crudelitate
495 3570 577 3617 eum
601 3541 797 3615 abhorrere
819 3554 970 3626 natura,
994 3544 1117 3615 multis
1135 3542 1255 3614 certis-
1307 3566 1433 3612 causae
1461 3558 1698 3629 concurrunt,
1735 3558 1776 3615 ut
1800 3540 1894 3615 hanc
1920 3547 2129 3618 electionem
2157 3568 2297 3640 sperem

260 3650 362 3722 simis
385 3648 527 3719 indiciis
550 3647 722 3740 comperi.
780 3643 821 3715 In
847 3646 1100 3717 controversiis
1124 3646 1255 3717 diiudi-
1307 3645 1524 3716 Germaniae
1540 3671 1581 3716 ac
1597 3649 1665 3717 toti
1681 3646 1849 3741 buropae
1863 3649 2055 3720 salutarem
2072 3651 2161 3720 iore.
2189 3649 2298 3742 Quod

261 3748 443 3834 randis,'
431 3774 471 3820 ιιι
494 3750 700 3823 coercendis
721 3749 920 3842 improbis,
946 3749 1059 3820 iustus
1082 3761 1146 3822 est.
1197 3747 1255 3818 ln·
1307 3760 1426 3817 autem
1452 3749 1557 3817 initio
1581 3750 1828 3843 disputabam,
1855 3763 2030 3845 quantum
2053 3752 2173 3823 foret
2162 3775 2299 3821 incom-

262 3854 361 3947 genii
385 3851 458 3937 vis,
481 3852 698 3946 prudentia,
725 3876 768 3922 ac
791 3852 972 3944 diligentia
995 3851 1068 3921 iam
1095 3852 1254 3945 conspici
1305 3851 1425 3934 modi,
1458 3852 1488 3923 si
1510 3848 1712 3946 Imperator
1733 3868 1907 3947 perpetuo
1931 3859 2069 3927 abesset
2088 3868 2186 3926 extra
2209 3856 2299 3925 Ger·

260 3968 471 4051 potuerunt.
509 3954 550 4025 ln
570 3955 752 4056 tyrocinio
767 3955 884 4048 Regni
897 3954 1082 4047 Hispanici
1102 3979 1254 4047 magnos
1304 3953 1485 4038 maniam,
1519 3980 1670 4026 moveor
1696 3958 1862 4051 equidem
1885 3953 1953 4028 bac
1979 3959 2204 4037 difficultates
2236 3959 2298 4039 sed

261 4072 382 4131 motus
405 4059 636 4151 compescuit.
686 4057 734 4129 Ει
755 4071 895 4129 ιοιιιιιι
918 4080 1001 4128 eum
1024 4080 1090 4129 sno
1107 4059 1253 4149 ingenio
1306 4058 1350 4125 de
1374 4080 1414 4125 ea
1441 4081 1479 4125 re
1504 4057 1542 4125 in
1565 4059 1719 4129 formula
1746 4062 1987 4131 constituendi
2011 4075 2046 4131 et
2066 4062 2214 4153 regendi
2229 4058 2299 4130 lm-

261 4163 375 4233 multa
400 4163 558 4257 graviter
588 4174 624 4232 et
653 4162 776 4233 dextre
807 4162 1026 4254 respondere
1058 4172 1096 4230 et
1123 4162 1254 4233 consti·
1305 4158 1396 4251 perii
1414 4182 1495 4228 cum
1514 4158 1645 4230 Carolo
1661 4163 1840 4254 agendum
1855 4163 1934 4233 erit.
1985 4164 2148 4257 Cumque
2166 4158 2299 4231 habeat

261 4278 375 4337 tuere.
427 4264 561 4357 Magna
585 4266 696 4336 laus
684 4290 724 4334 ιιι
732 4265 878 4335 iuvene
898 4276 935 4332 et
954 4258 1043 4333 haec
1059 4277 1131 4347 est
1156 4276 1194 4334 et
1207 4290 1254 4335 ιι
1288 4261 1580 4352 amplissimos‘
1569 4286 1606 4331 m
1625 4263 1821 4335 Germania
1845 4279 1880 4335 et
1904 4267 1942 4334 in
1957 4265 2101 4356 Belgico
2118 4264 2297 4355 principa·

238 4386 373 4488 ‘gnum
392 4368 587 4438 multarum
605 4368 758 4438 aliarum
773 4366 969 4450 virtutum,
995 4367 1093 4461 quod
1115 4366 1254 4486 pudici·
1305 4376 1381 4447 tus,
1407 4364 1541 4435 tribuet
1561 4361 1631 4435 hoc
1655 4369 1856 4439 necessitati
1881 4389 2004 4438 earum
2026 4367 2207 4458 gentium,
2234 4368 2298 4434 tri-

260 4571 386 4669 Quare
411 4571 616 4663 religionis,
648 4573 825 4657 iustitiae3
857 4585 893 4643 et
918 4571 1113 4665 pudicitiae
1136 4584 1253 4643 custo-
1304 4568 1389 4640 Non
1405 4572 1452 4638 ad
1467 4570 1581 4640 otiosa
1597 4573 1795 4662 spectacula
1811 4596 1849 4643 se
1865 4596 1995 4642 accersi
1986 4571 2189 4664 intelligit,
2213 4596 2295 4642 cum

261 4678 344 4747 dem
358 4677 437 4747 fore
454 4675 624 4746 credibile
638 4687 702 4748 est
739 4674 780 4745 ln
795 4675 859 4745 tali
874 4689 1003 4746 natura
1022 4670 1114 4745 ushal
1128 4688 1253 4770 tyran
1303 4673 1350 4741 ad
1377 4668 1572 4765 Imperium
1597 4686 1767 4759 vocatur,
1801 4699 1858 4746 res
1881 4698 2034 4767 magnae
2059 4675 2091 4745 ei
2117 4676 2295 4766 gerendae

261 4779 383 4851 nicum
417 4776 552 4850 exoriri
576 4788 705 4870 p'otest.
768 4778 908 4871 Regent
937 4777 1033 4849 enim
1061 4802 1142 4848 eum
1169 4778 1251 4849 illae
1305 4787 1426 4845 erunt:
1461 4776 1557 4845 Galli
1572 4777 1772 4868 depellendi
1788 4802 1831 4848 ex
1845 4774 1968 4862 Italia,
1994 4778 2134 4848 'furcae
2150 4777 2296 4849 arcendi

259 4882 430 4967 virtutes,
455 4894 497 4953 ut
515 4892 634 4953 servet
653 4893 778 4973 pacta,
808 4881 967 4952 utnulla
990 4892 1137 4951 moveat
1156 4881 1250 4952 bella
1304 4879 1349 4946 ab
1373 4878 1538 4961 Austris,
1570 4880 1777 4951 liberandae
1800 4893 1836 4950 et
1857 4880 1996 4951 vicinae
2019 4882 2202 4973 regiones,
2229 4879 2295 4949 Ec·

260 4983 415 5068 iniusta,
453 4996 596 5056 utnon
622 4996 739 5054 mutet
767 4995 923 5053 veterem
955 4997 991 5054 et
1020 4983 1250 5055 constitutam
1305 4980 1408 5050 clesia
1435 4982 1658 5063 emendanda
1685 4996 1721 5053 et
1746 4984 2006 5055 constituenda.
2058 4986 2195 5053 llarum
2219 5008 2295 5052 ma·

259 5086 406 5179 imperii
420 5087 586 5159 formam.
639 5085 859 5156 Excitabunt
875 5074 1083 5156 eum'etiam
1102 5087 1149 5155 ad
1164 5088 1252 5158 libe-
1303 5084 1482 5153 rimarum
1505 5109 1626 5155 rerum
1654 5110 1777 5156 curam
1809 5099 1851 5157 ιιι
1876 5088 2062 5179 suscipiat,
2103 5088 2178 5178 ipsa
2211 5108 2292 5156 eum

258 5190 418 5259 randum
440 5188 565 5259 orbem
591 5203 771 5261 terrarum
797 5188 982 5281 impietate
998 5188 1172 5274 Turcica,
1205 5193 1251 5260 ad
1304 5181 1447 5255 heroica
1473 5200 1601 5258 natura
1627 5202 1662 5258 et
1682 5189 1795 5260 virtus
1820 5190 2040 5262 exuscitabit.
2097 5190 2194 5258 llaec
2217 5211 2293 5259 non

258 5291 560 5385 propagationem
577 5291 755 5363 Ecclesiae
772 5288 926 5375 Christi,
952 5294 998 5361 ad
1021 5295 1252 5363 tuendam-et
1303 5288 1396 5361 sinet
1418 5314 1499 5359 eum
1521 5290 1619 5360 domi
1639 5292 1868 5384 languescere
1891 5294 1966 5362 otio
1988 5305 2022 5362 et
2037 5291 2292 5383 voluptatibus.

259 5395 494 5466 muniendam
512 5396 757 5488 disciplinam,
781 5408 823 5465 ut
838 5391 1002 5466 homines
1018 5397 1064 5464 ad
1080 5396 1250 5487 pietatem

259 5510 297 5571 ιι
319 5513 478 5571 caeteras
505 5499 654 5570 virtutes
673 5498 876 5571 assuefiant.
926 5500 995 5571 Ac
1001 5522 1047 5570 ne
1064 5498 1249 5593 ingenium

260 5598 337 5676 eins
361 5600 451 5674 mihi
466 5602 731 5697 inexploratum
749 5626 822 5674 esse
838 5601 986 5696 putetis:
1018 5603 1329 5695 prudentississ
1371 5632 1449 5685 asu
1467 5630 1539 5696 quau

1335 5560 1462 5639 ιιιιι]
1481 5561 1523 5615 ιιι
1539 5562 1626 5623 ruse
1644 5566 1740 5632 ιιιιι,
1764 5564 1859 5631 asra,
1883 5562 1977 5625 ιιιι..
2000 5558 2095 5627 ross„
2114 5557 2209 5621 ιιιιι
2239 5557 2290 5613 ιι
