5125 6525
259 419 337 503 tit
547 358 549 362 Ι
758 421 836 496 vit.
886 413 1254 494 COMPENDIARIA
1280 414 1593 489 DlALEC'l'ICES
1618 413 1782 488 RATIO.
2212 411 2289 495 tid

260 585 535 687 oratoribusque
555 594 746 686 diligenter
772 594 981 674 ohservare,
1014 613 1166 683 quarum
1190 611 1250 655 co·
1286 588 1529 684 persequitur
1543 588 1580 654 in
1595 588 1696 660 libris
1710 593 1755 659 de
1771 589 1977 659 inventione
1994 585 2044 659 M.
2060 590 2196 663 Cicero.
2231 593 2291 664 'l'u

261 700 393 791 gnitio,
429 720 508 765 mea
536 696 680 790 quidem
712 697 908 778 sententie,
941 692 1063 763 iudicii
1095 691 1251 759 acrimo·
1304 695 1348 759 ad
1372 715 1483 760 unum
1509 692 1709 782 exemplum
1736 692 1951 784 etreliqua,
1978 716 2070 784 quae
2087 696 2124 761 in
2141 693 2291 786 scripto·

261 802 359 870 niam
385 810 534 868 exercet.
1302 794 1401 862 ribus
1434 805 1642 878 occurrent,
1683 795 1792 884 exige.
1856 792 1988 862 Vinum
2012 791 2163 877 Chium,
2203 797 2289 865 item

1302 895 1563 987 Smyrnaeum,
1588 895 1673 964 item
1694 895 1938 987 Campanum,
1964 897 2194 967 calefaciendi
2215 900 2289 967 vim

1303 993 1426 1084 habet,
1457 1019 1523 1063 nec
1542 1010 1764 1088 compertum
1788 1010 1840 1067 est
1865 998 1969 1066 aliter
1989 1000 2033 1067 de
2048 1000 2123 1068 ullo
2140 1000 2215 1067 vini
2232 1025 2290 1092 ge·

341 1095 612 1166 inductionem
627 1098 952 1188 Graeciepagogen
970 1105 1118 1174 vocant,
1147 1114 1251 1182 argu·
1302 1122 1400 1169 nere.
1438 1094 1478 1165 ln
1500 1098 1598 1167 omni
1616 1099 1725 1188 igitur
1741 1100 1826 1168 vino
1841 1099 1893 1168 vis
1910 1100 2136 1169 calefaciendi
2154 1114 2217 1173 est.

262 1200 448 1269 mentandi
477 1201 653 1268 rationem
683 1212 835 1266 naturae
866 1196 1089 1288 proximam,
1130 1216 1201 1285 qua
1231 1215 1251 1261 e

263 1300 502 1390 singularibus
522 1302 722 1370 universale
746 1300 945 1388 colligitur,
971 1321 1044 1389 quo
1066 1297 1174 1364 modo
1191 1319 1252 1362 ve·
1648 1268 1708 1338 De
1735 1270 1953 1359 e¹¹0¹¹¹l'¹⁰·

264 1402 414 1471 risimile
435 1415 488 1470 est
511 1426 636 1471 omnes
658 1414 751 1469 artes
774 1413 940 1491 repertas
957 1422 1042 1469 esse.
1096 1396 1251 1487 Compa·
1272 1435 1276 1490 Ι
1405 1398 1636 1489 Exemplum,
1662 1403 1759 1492 quod
1779 1400 1906 1470 Graeci
1924 1400 2132 1490 paradigma
2149 1414 2291 1489 vocant,

263 1505 351 1572 ratis
363 1504 456 1572 enim
474 1504 612 1584 rnrrltis,
638 1525 730 1595 quae
748 1504 916 1573 adsiduus
930 1524 1051 1569 rerum
1068 1519 1152 1569 usus
1168 1521 1251 1589 sup·
1272 1501 1276 1538 ⁵
1303 1514 1354 1571 est
1370 1514 1432 1569 aut
1448 1501 1640 1583 similium,
1666 1515 1730 1569 aut
1746 1502 1970 1572 dissimilium
1990 1505 2225 1593 comparatio.
2257 1506 2292 1574 A

263 1606 466 1694 peditabat,
492 1605 673 1694 exemplis,
699 1599 935 1674 universalem
952 1603 1133 1696 quendem
1148 1623 1251 1689 regu-
1302 1602 1410 1673 simili
1432 1603 1584 1693 petitur,
1617 1616 1656 1671 ut
1678 1600 1891 1672 Timotheus
1913 1608 2009 1694 apud
2031 1606 2207 1692 Graecos,
2240 1607 2289 1674 ita

264 1707 336 1773 lam
358 1708 567 1788 statuimus,
597 1719 638 1774 ut
657 1729 738 1775 eum
761 1707 923 1774 viderent
944 1703 1073 1772 medici
1084 1748 1105 1786 ,·
1126 1704 1250 1771 uuum
1303 1706 1397 1797 Sylla
1422 1703 1561 1773 Romae
1585 1706 1821 1789 fortunatior,
1855 1729 1961 1797 quam
1982 1707 2290 1795 prudentior'iuitt

263 1803 408 1889 Chium,
432 1810 517 1877 item
537 1808 787 1899 Smyrnaeum,
810 1808 895 1877 item
915 1807 1112 1875 Falernum
1122 1806 1251 1873 caleia-
1302 1806 1349 1875 Et
1362 1808 1399 1877 in
1417 1807 1685 1898 comparatione
1700 1807 1886 1892 similium,
1912 1830 2018 1897 saepe
2034 1810 2163 1892 maius,
2185 1832 2290 1899 saeys

264 1909 382 1979 ciendi
410 1910 482 1976 aim
513 1905 663 1992 habere,
693 1909 913 2000 collegerunt
933 1909 1140 1979 inductione
1163 1929 1252 2001 qua·
1303 1911 1387 1977 item
1420 1910 1539 1979 miuus
1560 1910 1712 2000 petitur,
1746 1922 1808 1995 ut,
1839 1910 1870 1979 si
1890 1906 2098 2001 philosophi
2122 1905 2290 1982 sutorum

264 2011 347 2081 dam
371 2033 436 2080 seu
456 2034 612 2101 epagoga
633 2012 812 2101 regulam,
839 2012 961 2081 vinum
979 2023 1107 2079 natura
1125 2009 1251 2077 calefa-
1273 2033 1277 2122 ᾗ
1303 2036 1450 2082 suorum
1470 2011 1601 2101 singuli
1614 2011 1744 2104 placita
1759 2024 1902 2096 tenent,
1927 2026 2063 2103 quanto
2080 2013 2193 2102 magis
2207 2034 2292 2080 con·

264 2136 369 2181 oere.=
405 2112 589 2194 Breviter,
622 2113 796 2205 quidquid
820 2137 886 2183 usu
907 2108 1187 2204 deprehensum,
1213 2111 1251 2178 iu
1304 2110 1640 2185 venitChristianos
1666 2116 1832 2203 dogmata
1857 2116 2050 2184 servatoris
2073 2115 2126 2183 sui
2150 2114 2288 2183 tenere!

265 2228 378 2284 artem
409 2227 569 2284 coactum
604 2227 676 2296 est,
714 2215 750 2281 id
779 2216 986 2285 inductione
1010 2237 1071 2284 seu
1092 2235 1249 2305 epagoga
1302 2215 1348 2284 Et
1372 2212 1437 2283 hac
1461 2215 1735 2305 argumentandi
1759 2218 1893 2306 figura,
1918 2217 2038 2287 nescio
2063 2241 2109 2284 au
2131 2216 2199 2284 alia
2222 2217 2292 2284 ire·

263 2317 406 2406 collegit
421 2317 526 2385 ratio.
571 2314 713 2385 Certior
727 2317 934 2386 inductione
948 2311 1175 2410 syllogismus
1187 2327 1251 2397 est,
1304 2318 1470 2411 quentius
1492 2332 1695 2408 usurpetur.
1754 2320 1788 2385 A
1809 2317 1990 2402 dissimili,
2024 2321 2186 2411 adeoque
2208 2339 2292 2386 con·
2360 2363 2364 2370 -

263 2431 452 2508 propterea
478 2418 513 2485 in
537 2418 783 2507 probahilibus
806 2421 965 2487 crebrior
980 2443 1064 2488 usus
1079 2418 1251 2487 escindna
1303 2421 1416 2488 trario
1442 2419 1595 2490 libenter
1618 2411 1931 2510 arguuienta‘mun
1965 2420 2060 2490 valet
2081 2420 2292 2498 enimcum·

263 2520 413 2601 ctionis,
445 2521 623 2609 pleneque
647 2521 685 2586 in
710 2521 1114 2610 coniecturis=regnat-,·=
1131 2532 1188 2599 ut=,
1220 2512 1251 2588 si
1303 2522 1443 2612 paratio
1461 2523 1724 2592 contrariorum
1744 2525 1788 2606 ad
1806 2519 2037 2606 evidentiam,
2064 2522 2291 2611 energiamve

263 2620 417 2691 Catilina
443 2624 549 2690 toties
572 2620 722 2689 violavit
747 2622 1025 2713 rempublicam,
1059 2619 1251 2688 verisimile
1303 2609 1465 2704 caussae,
1490 2623 1649 2715 ut‘a'pud
1671 2613 1815 2691 Livium
1833 2615 2002 2692 Camillus
2022 2622 2201 2692 dissuadet
2225 2623 2292 2690 mi-

264 2732 317 2802 est
332 2746 413 2791 eum
429 2745 572 2814 semper
589 2722 854 2793 infestoanimo
872 2724 977 2793 luisse
996 2725 1033 2790 ln
1055 2721 1251 2812 rempubli·
1303 2725 1406 2816 'grare
1421 2721 1547 2809 Veios,
1578 2722 1835 2820 hortaturque,
1867 2749 1912 2791 ne
1937 2723 2022 2792 velit
2043 2725 2196 2817 populus
2217 2723 2292 2793 Ro-

265 2850 370 2895 cam·
412 2825 527 2895 Anxie
555 2824 721 2893 laborent
743 2822 883 2894 scholae
909 2827 947 2892 in
970 2826 1172 2894 reducenda
1195 2825 1251 2890 in·
1302 2827 1430 2895 'ritanus
1451 2851 1548 2895 sacra
1576 2852 1638 2897 sua
1663 2830 1823 2898 deserere
1837 2825 1898 2923 ⁸)
1957 2825 2032 2897 Hos
2056 2825 2181 2897 omne's
2204 2829 2292 2897 deos

263 2927 492 2999 ductionead
505 2927 762 3019 syllogismum,
790 2953 855 2997 ceu
871 2931 913 2996 ad
932 2929 1114 3010 amussim,
1133 2949 1250 3019 neque
1302 2913 1463 3023 publicos
1488 2930 1738 3024 privatosque,
1771 2927 1951 3020 Quirites,
1985 2929 2160 2999 deserturi
2185 2925 2292 2999 estis?

265 3030 360 3114 enim
388 3029 456 3098 alia
480 3030 757 3120 argumentandi
777 3031 891 3098 forma
918 3031 1049 3112 certior
1070 3043 1121 3113 est
1144 3029 1251 3120 syllo·
1303 3027 1508 3126 Quaui'par
1524 3045 1679 3101 vestrum
1695 3031 1826 3100 iactum
1842 3031 1910 3116 est,
1937 3035 2033 3125 quod
2050 3036 2088 3098 in
2104 3029 2292 3099 obsidione

264 3131 390 3221 giemo.
410 3171 414 3218 1
436 3130 511 3218 ⁸Sed
536 3130 624 3200 illud
644 3156 752 3225 quam
774 3132 1072 3223 inepteiaciant,¹
1088 3155 1177 3214 ,non
1199 3143 1251 3200 cst
1303 3135 1418 3225 nuper
1440 3133 1477 3200 in
1500 3134 1642 3224 egregio
1661 3127 2027 3218 adolescenteFabio,
2058 3156 2133 3198 non
2150 3133 2292 3200 minore

263 3230 370 3315 huius
389 3234 459 3303 loci
480 3247 646 3319 tractare.
668 3298 671 3303 ,
705 3234 817 3309 Plane
839 3234 1045 3327 syllogismo
1070 3233 1249 3325 contraria
1302 3230 1458 3305 bostium
1485 3223 1741 3321 admiratione,
1767 3231 1875 3328 quam
1900 3237 2035 3320 vestra,
2061 3233 2289 3325 conspectum

262 3336 712 3426 {orma-argumentandi,¹
730 3337 890 3407 inductio
914 3350 965 3407 est
979 3330 1039 3429 θ’).
1091 3336 1149 3404 Ab
1171 3334 1251 3404 uni·
1303 3351 1376 3427 est,
1415 3362 1523 3430 quom
1556 3338 1650 3406 inter
1673 3336 1808 3423 Gallica
1840 3338 1907 3404 tela
1931 3336 2109 3428 digressus
2133 3360 2176 3404 er
2199 3360 2291 3423 arce,

265 3437 461 3509 versalihus
481 3441 529 3529 ad
553 3438 746 3528 singularia
771 3438 996 3529 syllogismus
1009 3436 1251 3527 progreditur,
1302 3438 1462 3507 'sollenne
1488 3437 1620 3507 Fabiae
1652 3436 1766 3530 gentis
1798 3440 1835 3523 in
1867 3439 1955 3506 colle
1981 3436 2162 3531 Quirinali
2190 3437 2291 3509 obiit.

263 3541 425 3629 inductio
447 3536 722 3629 asingularibus
739 3538 1030 3624 aduniversalia.
1060 3535 1251 3617 immuta·
1301 3545 1359 3611 An
1392 3538 1534 3631 gentilia
1570 3566 1667 3611 sacra
1705 3564 1769 3631 ne,
1794 3539 1832 3607 in
1856 3540 1961 3626 ¹bello
2000 3540 2144 3637 quidem
2181 3539 2291 3607 inter-

262 3642 359 3729 seris
383 3665 529 3732 prorsus
549 3640 798 3719 inductionum
821 3653 1006 3723 naturam,
1032 3640 1062 3710 si
1084 3641 1122 3710 in
1142 3640 1252 3732 syllo-
1302 3642 1415 3727 mitti,
1451 3644 1590 3734 publica
1614 3668 1713 3712 saera
1738 3654 1773 3710 et
1795 3638 1982 3711 Romanos
2006 3644 2091 3711 deos
2118 3643 2224 3710 etiam
2253 3642 2290 3709 in

264 3743 378 3835 giemi.
393 3747 547 3815 formam
571 3744 738 3835 coegeris.
788 3740 914 3821 lamet
929 3744 1145 3814 inductionis
1160 3746 1251 3815 duae
1303 3770 1389 3837 pace
1412 3748 1526 3815 deseri
1552 3745 1693 3837 placet?
1744 3744 1914 3817 formam
1940 3742 2046 3816 huius
2069 3744 2207 3834 generis
2227 3766 2290 3833 per
2383 3782 2385 3785 ·

263 3860 348 3925 sunt
372 3860 509 3918 tantum
541 3860 679 3939 partes,
712 3849 952 3932 antecedens„
976 3849 1071 3941 quod
1096 3846 1252 3937 singtda·
1302 3873 1377 3919 sese
1400 3848 1696 3940 simplicissimam
1715 3848 1833 3916 licebit
1848 3843 2036 3916 rhetoricis
2053 3842 2290 3921 schematibus

264 3951 359 4025 rium
383 3949 651 4020 coacervatione
673 3962 834 4034 constat,
857 3963 1144 4043 etconsequens,
1171 3947 1251 4018 uni·
1304 3974 1489 4020 exornare.
1541 3950 1637 4044 Quid
1664 3950 1758 4019 enim
1784 3950 1979 4039 simplicius
1993 3951 2108 4034 dicas,
2134 3949 2291 4041 eoquod

265 4053 419 4141 versele,
449 4053 633 4122 collectum
658 4076 677 4125 e
699 4053 948 4144 singularibus.
1012 4055 1061 4123 At
1083 4054 1121 4121 in
1144 4051 1251 4142 syllo·
1303 4055 1397 4145 apud
1416 4067 1557 4142 poetam
1577 4052 1652 4123 est?

265 4148 379 4247 gismo
404 4170 476 4225 tres
500 4169 618 4246 partes
641 4168 742 4241 sunt,
774 4156 909 4239 maior,
944 4154 1084 4235 minor,
1118 4167 1154 4223 et
1178 4178 1251 4223 me-
1353 4155 1401 4223 At
1415 4179 1489 4222 non
1503 4156 1561 4223 ille
1578 4168 1714 4242 satum,
1740 4147 1815 4248 quo
1834 4169 1868 4223 te
1884 4148 2065 4238 mentiris,
2091 4146 2240 4229 Achille,
2287 4142 2290 4153 '

266 4250 1938 4350 &mfflwmmmmwfflmmTfflmmfflmffl

265 4360 460 4453 syllogismi
490 4362 606 4442 deest,
641 4359 690 4428 ita
719 4372 754 4428 et
774 4346 987 4431 inductioni.
1047 4355 1086 4425 ln
1111 4381 1251 4426 coacer·
1302 4358 1516 4429 Observabit
1539 4360 1718 4430 studiosus
1741 4360 1853 4427 lector
1877 4358 1915 4423 in
1941 4349 2138 4445 poenes),
2172 4363 2291 4419 orato-

267 4463 393 4532 vandis
431 4463 671 4552 singularibus
708 4464 962 4552 praestandum
1003 4473 1073 4546 est,
1113 4473 1152 4529 ut
1191 4472 1253 4528 aut
1302 4461 1421 4547 ribus,
1452 4457 1647 4546 historicis,
1680 4485 1786 4554 quam
1819 4461 1889 4528 late
1920 4450 2156 4547 pateat·haec
2187 4476 2291 4544 argu-

266 4565 386 4649 omnia
420 4578 742 4646 connumerentur,
775 4578 836 4633 aut
867 4563 1046 4631 diversum
1080 4562 1250 4656 quiddam
1304 4562 1487 4631 mentandi
1509 4563 1615 4635 ratio.
1658 4561 1705 4651 Et
1729 4563 1970 4653 exemplorum
1991 4555 2137 4650 quidam
2156 4555 2292 4646 praeci·

265 4691 341 4736 non
371 4679 560 4760 appareat,
590 4680 631 4737 ut
650 4668 679 4737 si
699 4667 748 4736 sic
772 4664 1047 4756 argumenteris:
1081 4662 1252 4755 Virgilius
1304 4691 1395 4758 puus
1426 4676 1477 4735 est
1505 4666 1541 4732 in
1567 4640 1885 4753 sofflltationibus
1907 4685 2008 4746 usus,
2039 4659 2100 4729 ubi
2124 4670 2291 4727 eventum

267 4782 319 4839 est
344 4771 463 4853 albus,
495 4769 619 4840 Cicero
642 4782 695 4841 est
717 4770 834 4850 albus,
862 4770 980 4860 inepte
1003 4779 1253 4860 consequetur,
1303 4780 1448 4855 nostrae
1463 4768 1879 4859 caussaepraesumimus
1897 4787 1939 4831 ex
1954 4761 2017 4847 iis,
2044 4784 2136 4857 quae
2153 4759 2198 4827 ab
2214 4757 2293 4828 aliis
2319 4768 2322 4777 '

267 4897 410 4942 omnem
436 4868 620 4942 hominem
646 4896 718 4943 esse
738 4872 879 4957 album,
905 4871 1049 4964 quando
1072 4869 1252 4939 diversum
1306 4873 1430 4940 eodem
1449 4870 1560 4938 ferme
1578 4870 1727 4940 consilio
1743 4883 1838 4960 gesta
1856 4877 1956 4950 sunt,
1981 4877 2022 4933 ut
2036 4866 2132 4956 apud
2147 4860 2292 4929 Livium

212 4980 214 4986 '
267 4988 418 5067 apparet
438 4975 476 5044 in
497 4971 745 5067 Aethiopibus.
797 4973 875 5042 Hoc
898 4972 1171 5064 argumentandi
1196 4996 1254 5061 ge·
1306 4972 1464 5065 Scipioni
1487 4969 1667 5040 Hannibal
1693 4972 1761 5040 ait:
1804 4969 1911 5062 Quod
1938 4979 1975 5036 tu
2000 4990 2096 5035 nunc
2114 4989 2171 5048 es,
2196 4964 2291 5031 idem

267 5099 353 5144 nere
386 5100 494 5145 nemo
523 5077 744 5171 frequentius
769 5075 914 5146 Socrate
946 5077 1040 5165 apud
1064 5074 1253 5142 Platonem
1306 5100 1372 5166 ego
1396 5098 1492 5143 eram
1515 5075 1560 5141 ad
1581 5072 1772 5159 Trebiam,
1798 5068 2110 5162 Thrasymenum,
2138 5066 2293 5136 Cannas.

267 5202 352 5247 usus
377 5190 447 5262 est,
473 5181 597 5265 credo,
625 5182 720 5272 qnod
746 5179 889 5246 videbat
905 5176 1067 5268 proxime
1090 5177 1135 5244 ad
1152 5189 1255 5244 natu·
1305 5174 1380 5245 lam
1398 5178 1442 5243 ad
1459 5177 1701 5267 exemplorum
1719 5174 1899 5254 rationem
1910 5174 2093 5265 pertinent
2102 5182 2292 5262 poetarum

266 5281 379 5349 ralem
397 5302 540 5349 sensnm
556 5285 745 5375 quadrare.
793 5279 961 5350 Pluribus
976 5278 1163 5347 artificium
1180 5278 1256 5348 eius
2318 5276 2335 5298 ”

564 960 629 1032 Ι)ε
661 961 942 1032 inductione.

1310 5352 1514 5362 ——ss—-u

267 5453 474 5481 ’·”··“·““·“““
1340 5443 1389 5507 68)
1410 5446 1508 5490 aristot.
1528 5453 1628 5503 marg:
1656 5441 1797 5489 trivialium
1815 5441 1976 5502 exempturo.

302 5550 352 5609 67)
371 5551 473 5599 Auuot.
492 5558 599 5611 marg:
625 5544 765 5607 Quomodo
784 5543 930 5594 conradet
947 5542 1096 5594 inductioni
1114 5555 1175 5593 ean
1191 5545 1256 5608 syl·
1341 5526 1389 5592 69)
1410 5525 1510 5588 ἯΙἚῙΙ·
1530 5527 1600 5578 ⁴⁴⁰⁰·
1612 5526 1646 5591 ¹¹>
1657 5525 1709 5574 ⁵⁴⁰
1722 5538 1768 5588 ⁸¹1·

338 5617 463 5680 logtsno.
701 5682 705 5689 ἢ
1345 5611 1393 5678 70)
1411 5613 1508 5660 annot.
1527 5622 1633 5674 marg:
1658 5609 1814 5659 {tissi-itis.
