5125 6525
479 207 540 332 1
1199 197 1245 314 p}

416 365 450 416 1,

264 701 361 773 Nem
378 699 550 792 Virgilius
567 695 832 793 diphthongum
855 700 996 783 divisit,
1021 725 1103 771 cum
1123 699 1259 797 inquit:

263 803 372 875 Aulat
402 804 441 871 in
470 802 601 874 medio.
676 799 786 885 Item,
825 805 933 894 pietat
969 804 1085 876 vestis.
1158 802 1261 889 ltem,

265 931 286 978 a
341 919 385 976 al.

290 932 339 1001 ‘³¹¹
367 1024 416 1095 Et
448 992 608 1116 genitivo
639 1024 770 1115 plurali
803 1046 1065 1118 nonnunquam
1103 1050 1259 1119 syncope

265 1128 492 1212 admittitur,
518 1120 778 1219 Terrigemim,
804 1151 871 1219 pro
888 1128 1163 1219 terrigenarum.
1204 1127 1259 1197 ld·

265 1255 335 1326 que
350 1231 425 1302 lere
441 1230 480 1300 in
496 1230 704 1321 compositis
720 1242 859 1299 tantum
880 1230 1019 1300 accidit.

368 1348 522 1418 Variant
555 1361 590 1419 et
620 1348 733 1417 dativi
764 1349 933 1439 plurales.
992 1349 1090 1422 'Nam
1121 1362 1258 1421 veteres

263 1454 438 1547 pleraque
467 1450 685 1523 discriminis
709 1475 817 1522 causa
840 1476 905 1544 per
929 1452 1017 1523 abus
1043 1452 1259 1542 extulerunt,

185 1584 188 1588 ’
263 1567 306 1625 ut
320 1556 430 1625 esbus
443 1578 511 1646 pro
530 1553 599 1635 eis,
625 1553 825 1625 foeminino
839 1579 979 1646 genere.
1041 1554 1159 1625 Hodie
1175 1554 1258 1624 reli-

265 1670 452 1752 quaeunt,
479 1682 522 1726 ex
537 1652 605 1725 hac
619 1657 754 1726 forma:
781 1657 944 1740 Deabus,
969 1658 1130 1741 filiabus,
1156 1669 1258 1726 nata·
1370 1712 1372 1716 .

263 1760 350 1845 bus,
391 1759 572 1854 equabus,
606 1759 789 1844 mulabus,
825 1759 1038 1843 libertabus,
1072 1760 1258 1844 ambabus,

264 1863 414 1934 duabus.
466 1860 559 1930 Sunt
573 1862 637 1955 qui
653 1874 688 1931 et
702 1864 917 1933 dominabus
931 1862 1067 1933 dicunt.

368 1980 541 2052 Graecam
566 1980 721 2049 formam
745 1979 953 2064 imitantur,
979 2005 1072 2076 quae
1088 2005 1124 2052 es
1140 1995 1203 2052 aut
1219 2006 1258 2052 as

263 2083 404 2155 liniunt.

614 2231 902 2325 Paradigma.

571 2365 630 2436 hic
653 2364 828 2440 Anchises

571 2466 679 2541 huius
697 2467 875 2542 Anchisae

576 2568 659 2641 huic
681 2565 860 2643 Anchisae

573 2670 670 2743 hunc
696 2670 897 2760 Anchisen,
924 2671 1019 2744 huuc
1042 2675 1189 2745 Aenean

574 2800 595 2845 o
616 2773 772 2846 Anchise

574 2880 620 2946 ab
643 2872 712 2947 hoc
732 2874 897 2948 Anchise.

366 2994 604 3066 Rarissimum
621 3010 674 3067 est
689 3011 723 3067 et
738 2999 915 3091 priscum,
943 2999 1041 3091 quod
1056 3010 1091 3067 et
1103 2996 1255 3069 Priscia·
1348 3059 1350 3062 ,

260 3124 331 3170 nus
348 3098 548 3183 annotavit,
573 3099 752 3190 genitivos
768 3099 965 3191 singulares
983 3100 1172 3171 nominum
1189 3124 1255 3192 pu·

261 3226 390 3274 rorum
405 3201 443 3270 in
462 3226 503 3283 a,
537 3227 602 3295 per
614 3225 653 3275 as
670 3202 786 3288 exire,
821 3214 861 3273 ut
876 3197 963 3273 haec
978 3202 1098 3287 Maia,
1124 3201 1255 3287 Maias,

260 3330 331 3399 pro
353 3304 494 3388 Maiae,
529 3318 563 3375 et
584 3319 725 3391 constat
746 3303 814 3376 hoc
839 3306 1081 3376 aemulatione
1097 3306 1255 3377 Graeco·

259 3405 401 3501 ronst)
424 3409 521 3492 lieri,
563 3413 658 3480 unde
682 3423 735 3481 est
762 3410 938 3502 genitivus
967 3409 1144 3492 familias,
1186 3433 1253 3500 pro

259 3510 431 3582 familiae.
484 3510 654 3602 Virgilius
675 3513 782 3581 etiam
806 3537 912 3582 auras
934 3537 1001 3604 pro
1024 3536 1135 3583 aurae
1157 3511 1254 3602 geni·

201 3668 204 3672 ι
260 3615 338 3685 tivo
358 3614 453 3684 lecit.
943 3636 948 3645 ¹

457 3734 610 3805 Prorsus
631 3734 769 3804 Graeca
791 3734 982 3804 declinatio
1006 3748 1058 3804 est

607 3837 795 3906 nominum
820 3837 858 3905 in
880 3860 912 3906 e.

314 3969 355 4027 ut
373 3951 461 4025 haec
478 3956 654 4048 epitome,
757 3955 898 4040 Latini,
925 3953 1011 4026 haec
1029 3959 1199 4050 epitoma.

365 4053 473 4129 huius
488 4059 662 4151 epitomes
759 4059 817 4130 Sic
836 4072 871 4130 et
885 4072 1090 4151 pentecoste

364 4156 448 4232 huic
463 4163 642 4254 epitomae
756 4156 998 4257 πεντηκοστή,
1015 4165 1051 4233 id
1068 4177 1132 4247 est,
1148 4163 1251 4257 quin·

365 4259 460 4333 hanc
478 4265 659 4357 epitomen
757 4265 983 4360 quagesima,

366 4393 388 4437 o
404 4367 580 4460 epitome,
757 4367 914 4460 Euterpe
935 4383 1001 4439 etc.

367 4470 412 4538 ah
426 4466 495 4539 hac
511 4471 679 4562 epitome.

653 4590 858 4661 Pluraliter.

570 4691 639 4764 hae
656 4694 835 4786 epitomae

572 4794 700 4867 harum
718 4797 957 4888 epitomarum

571 4896 627 4971 his
642 4899 809 4990 epitomis

571 4999 635 5073 has
651 5003 841 5093 epitomas

572 5131 593 5175 o
609 5101 842 5197 epitomae⁰l

571 5210 615 5276 ah
633 5205 687 5278 his
704 5205 881 5298 epitomis.

260 5366 466 5379 ........-.—

295 5457 332 5511 ss
356 5434 546 5582 'wisnona
564 5462 752 5527 ormena]
770 5459 852 5511 ruti.
871 5460 963 5526 urs„
982 5473 1006 5509 ι.
1019 5469 1062 5510 s:
1081 5457 1252 5512 arnum

430 5542 485 5582 one

296 5629 346 5688 0)
363 5631 415 5682 nio
432 5630 532 5682 Vosttt.
551 5633 621 5692 plor.
640 5632 669 5681 ln
686 5631 770 5682 ttttt
786 5631 880 5693 lm„
898 5629 974 5682 lm.
994 5629 1081 5682 deest.

918 424 1044 503 xcu.
1101 375 1438 504 ossuusrths
1453 478 1455 481 -
1468 426 1661 503 mama.

369 596 520 689 Figurae
553 596 750 667 admittunt
780 619 1043 692 nonnunquam
1077 593 1116 667 hi
1149 622 1261 671 casus.

2227 441 2306 534 fl,

1512 598 1762 688 Secunda
1792 605 2098 695 declinatio.

1417 749 1457 819 ln
1491 747 1583 820 hanc
1615 753 1815 823 retulerunt
1847 754 1969 825 Latini
2002 758 2170 846 nomina,
2212 787 2305 856 quae

1311 852 1443 922 finiunt

1467 979 1515 1024 er
1617 979 1726 1047 gener

1465 1058 1505 1125 ir
1617 1059 1674 1127 vir

1465 1182 1517 1229 ur
1614 1174 1713 1231 satur

1465 1285 1534 1331 um
1614 1285 1800 1334 scamnum

1466 1388 1515 1434 us
1617 1366 1786 1437 dominus
1866 1406 1868 1408 ·

1467 1490 1544 1536 eus
1616 1464 1795 1560 Orpheus.
1841 1468 1976 1565 Estque
1992 1469 2080 1543 haec
2096 1476 2233 1546 Graeca
2242 1472 2303 1576 ⁷'),

1312 1581 1472 1639 caeterae
1487 1566 1641 1639 Latinae
1657 1583 1752 1641 sunt.

1657 1720 1946 1816 Paradigma.

1682 1858 1930 1950 Singulariter.

1619 1957 1678 2031 hic
1694 1961 1863 2033 dominus

1618 2060 1726 2135 huius
1742 2065 1882 2134 domini

1617 2161 1701 2237 huic
1717 2166 1866 2237 domino

1617 2264 1714 2340 hunc
1730 2270 1919 2340 dominum

1617 2395 1639 2441 o
1656 2372 1803 2441 domine

1619 2475 1665 2541 ab
1679 2469 1749 2542 hoe
1763 2474 1924 2543 domino.

1704 2591 1908 2662 Pluraliter.
2009 2586 2012 2591 ’

1617 2687 1656 2761 hi
1678 2693 1817 2764 domini

1617 2790 1749 2867 horum
1766 2797 1999 2867 dominorum

1616 2891 1673 2967 his
1687 2898 1843 2970 dominis

1616 2994 1684 3071 hus
1706 3002 1872 3073 dominos

1618 3129 1640 3171 ο
1655 3104 1794 3200 domini
1810 3103 1857 3199 Ἰ)

1617 3206 1662 3276 ab
1675 3202 1735 3279 his
1750 3207 1917 3278 dominis.

1409 3343 1487 3412 Hoc
1504 3344 1715 3436 paradigma
1739 3344 1900 3432 regulare
1920 3355 1994 3423 est,
2028 3363 2101 3433 quo
2125 3340 2213 3409 fines
2240 3362 2296 3408 ea·

1306 3465 1409 3515 suum
1428 3445 1651 3537 singulorum
1667 3446 1884 3516 indicantur.
1936 3442 2125 3513 Caeterum
2142 3464 2296 3512 numero
2359 3474 2364 3481 ·

1306 3547 1522 3639 syllabarum
1565 3550 1741 3641 quaedam
1779 3548 1925 3617 nomina
1972 3544 2124 3614 variant.
2201 3542 2295 3615 Nam

1307 3653 1482 3744 quaedam
1497 3665 1670 3742 superant
1684 3650 1947 3719 nominativum
1963 3648 2001 3717 in
2018 3668 2171 3717 numero
2189 3646 2296 3740 sylla-

1304 3753 1432 3823 barum
1449 3754 1487 3822 in
1504 3753 1643 3825 casibus
1655 3754 1822 3848 reliquis,
1849 3754 2025 3846 quaedam
2041 3774 2127 3819 vero
2145 3749 2295 3818 totidem

1306 3856 1450 3949 syllabis
1462 3862 1629 3927 contenta
1637 3856 1686 3952 ⁷¹)
1704 3871 1787 3928 sunt
1809 3856 1848 3924 in
1866 3854 2041 3948 obliquis,
2076 3864 2167 3947 quot
2189 3852 2298 3947 sylla·

1303 3958 1359 4031 bis
1373 3973 1512 4030 constat
1526 3961 1782 4030 nominativus.
1835 3957 2075 4029 indicabimus
2089 3957 2210 4050 itaque
2230 3949 2295 4026 ho·

1305 4084 1385 4132 rum
1405 4063 1624 4135 discrimina.

1637 4217 1701 4287 De
1727 4215 1961 4287 Genitivo.

1406 4347 1489 4420 Non
1503 4364 1646 4441 superat
1663 4338 1847 4442 genitivus
1860 4348 2124 4421 nominativum
2140 4370 2291 4417 numero

1304 4451 1541 4544 syllabarum,
1567 4454 1596 4524 si
1613 4452 1705 4548 ειη)
1721 4454 1911 4545 praecedat
1927 4463 2039 4522 muta.

1409 4569 1527 4639 Faber
1538 4571 1651 4655 fabri,
1704 4597 1831 4641 cancer
1848 4570 1985 4653 cancri,
2038 4571 2136 4638 vafer
2150 4565 2255 4649 vafri,

1405 4676 1503 4765 Ager
1517 4675 1612 4765 agri,
1696 4699 1783 4767 aper
1800 4675 1899 4767 apri,
2027 4677 2158 4744 Auster
2171 4669 2295 4741 austri.

1722 4794 1870 4886 Excipe:
2130 4844 2147 4877 .

1407 4911 1515 4982 Liber
1536 4912 1677 4997 Liberi,
1717 4940 1783 5006 pro
1807 4911 1971 4997 Baccho,
2014 4928 2049 4983 et
2079 4911 2292 4982 adiectivum

1304 5013 1414 5097 liber,
1439 5015 1555 5086 liberi.

1337 5246 1387 5317 10)
1404 5182 1545 5317 erasmi
1562 5252 1612 5302 ttct.
1630 5267 1655 5306 r.
1672 5264 1714 5306 ιε
1742 5255 1852 5306 Graeca
1869 5252 2041 5320 tammus,

1336 5351 1386 5420 71)
1404 5353 1456 5403 llic
1473 5353 1572 5406 Vocet.
1592 5356 1663 5417 plor.
1682 5357 1717 5406 ab
1734 5357 1820 5406 ruite.
1836 5357 1930 5422 lm,
1951 5358 2026 5409 tm
2045 5359 2138 5411 abest.

1337 5453 1548 5576 npecppetenu]
1564 5457 1605 5510 stc
1622 5459 1672 5510 sa
1688 5458 1781 5522 tsss.;
1807 5461 1892 5515 rasse.
1906 5461 1999 5528 urs,
2019 5462 2111 5525 ure,
2128 5473 2150 5511 s.
2164 5471 2206 5511 s:
2224 5468 2292 5511 osn-

1402 5539 1420 5576 ῃ
2344 5540 2355 5551 .

1336 5625 1387 5687 n)
1404 5630 1451 5687 er]
1472 5628 1647 5683 ltdtmr
1753 5656 1756 5660 ’
