5125 6525
257 435 335 514 699
880 363 1669 503 Pflss1.MEL.scamsflhr0Rtm
1929 423 1937 480 ἶ
2003 427 2005 432 ’
2096 423 2118 432 ”
2216 426 2299 498 6⁰0

259 605 457 679 recreandi.
512 586 749 696 ‘Quamcnm
774 600 1047 692 impetrassent,
1081 600 1255 692 relinquit
1308 600 1450 691 cognito
1465 600 1668 668 deturbant.
1720 595 1860 666 Deinde
1875 610 2007 686 cogunt
2021 595 2139 685 ipsum
2156 597 2300 687 aperire

260 733 369 805 eques
385 706 558 798 virginem
584 706 698 774 solam
721 704 759 771 in
783 698 1025 796 hypocausta,
1054 702 1178 794 etipse
1195 726 1254 771 cu·
1308 726 1467 779 saccum;
1492 701 1580 794 quid
1602 698 1747 770 multis?
1779 711 1977 788 agnoscunt
1999 721 2102 776 suos;
2136 699 2300 770 exoritur

259 826 319 883 rat
335 834 446 905 equos
463 808 501 875 in
515 804 668 891 stabulo.
720 803 900 896 Leprosus
923 816 1086 874 accurate
1111 804 1255 874 intuens
1307 802 1520 874 miserabilis
1549 804 1701 893 gemitus
1732 813 1767 869 et
1793 800 1958 894 fletus“)
1983 799 2113 870 scelere
2140 802 2299 892 cognito.

261 916 416 984 formam
451 908 620 1000 virginis,
660 908 774 999 magis
808 908 991 1000 magisque
1023 907 1098 976 urit
1131 929 1255 975 amore
1308 905 1472 975 Tandem
1503 904 1664 974 vinciunt
1693 905 1871 973 latronem
1902 916 1937 971 et
1963 902 2002 970 in
2028 927 2210 973 carcerem
2238 907 2301 975 ab·

261 1018 385 1109 ipsius.
437 1011 601 1080 Tandem
616 1023 711 1080 utea
728 1010 835 1079 etiam
859 1010 970 1101 possit
994 1008 1124 1100 potiri,
1158 1031 1255 1077 acce·
1307 1008 1454 1091 iieiunt,
1481 1008 1595 1076 donee
1610 1008 1654 1076 de
1672 1007 1747 1076 eius
1761 1005 1937 1097 supplicio
1953 1005 2046 1074 facta
2061 1005 2107 1076 sit
2122 1007 2301 1078 delibera·

262 1118 317 1189 dit
331 1115 486 1209 equitem
503 1114 541 1182 in
555 1113 716 1194 stabulo,
742 1125 778 1180 et
790 1110 961 1183 insidiose
975 1135 1057 1180 eum
1075 1109 1255 1180 interficit.
1308 1110 1372 1182 tio.
1431 1109 1562 1180 Postea
1590 1109 1721 1179 nobilis
1751 1120 1854 1178 curat
1884 1110 1989 1178 aedes
2019 1107 2154 1199 leprosi
2175 1110 2301 1203 diripi,

261 1219 403 1292 Deinde
419 1217 561 1287 rediens
579 1217 617 1283 in
642 1210 903 1306 hypocaustum
927 1213 1124 1306 alloquitur
1147 1212 1256 1304 virgi-
1308 1211 1457 1305 spoliari
1473 1224 1509 1281 et
1522 1209 1755 1303 conflagrari,
1781 1223 1816 1280 et
1831 1235 1949 1281 secum
1965 1212 2113 1280 domum
2129 1205 2231 1282 vehit
2243 1237 2300 1281 ea-

263 1348 348 1394 nem
365 1323 409 1390 de
424 1333 561 1411 stupro.
613 1315 724 1409 Virgo
740 1318 822 1411 quia
841 1329 920 1387 erat
943 1316 1002 1407 pia
1028 1328 1063 1384 et
1084 1310 1257 1384 honesta·
1310 1317 1442 1384 davera
1458 1325 1494 1383 et
1516 1313 1690 1405 sepelivit.
1741 1311 1931 1384 Postremo
1955 1308 2137 1383 homicida
2161 1328 2300 1386 atroces

264 1425 310 1497 tis
327 1447 472 1504 amans,
499 1432 580 1490 orat
596 1444 697 1503 eum,
724 1443 770 1488 ne
794 1419 882 1514 quid
908 1417 1110 1488 istiusmodi
1133 1417 1256 1486 animo
1309 1440 1445 1512 poenas
1460 1416 1558 1486 dedit
1573 1416 1629 1487 sui
1644 1416 1797 1487 sceleris.

175 1603 185 1627 Ι
265 1527 438 1618 cogitaret
454 1536 604 1616 propter
619 1521 736 1591 Deum
755 1534 790 1590 et
811 1544 894 1591 suos
917 1532 1103 1612 parentes,
1137 1533 1174 1589 et
1194 1544 1256 1589 ne·
1413 1516 1610 1589 CCLXXV.
1643 1518 1726 1588 Duo
1743 1516 1899 1587 famelici
1920 1517 2052 1590 milites
2066 1530 2102 1587 et
2115 1518 2218 1588 omni
2239 1544 2307 1611 pe-.

265 1639 326 1721 gat
342 1642 518 1719 stuprum.
571 1625 640 1694 Sed
659 1624 823 1715 leprosus
846 1621 982 1692 indicat
1006 1621 1138 1714 virgini
1159 1645 1257 1690 mor·
1310 1623 1414 1692 cunia
1437 1616 1598 1691 exhausti
1620 1646 1701 1691 cum
1722 1618 1960 1717 quoddamff)
1979 1622 2238 1692 monasterium
2263 1622 2304 1692 in

264 1745 338 1802 tem
361 1729 417 1799 sui
437 1725 612 1809 ministri,
650 1739 685 1795 et
710 1725 780 1795 nisi
802 1724 870 1818 ipsi
897 1724 953 1796 sui
972 1724 1111 1816 copiam
1138 1723 1258 1807 faciat,
1310 1724 1440 1795 itinere
1466 1736 1583 1794 essent
1605 1723 1820 1815 conspicati,
1855 1721 2082 1819 accedunt'¹)
2103 1725 2148 1793 ad
2171 1724 2229 1809 id,
2265 1737 2305 1793 et

267 1829 431 1904 similiter
464 1832 661 1921 perituram
693 1827 790 1898 dicit.
857 1826 955 1920 Quid
988 1826 1096 1896 faciat
1127 1826 1257 1897 misera
1307 1839 1437 1920 petunt
1469 1826 1627 1919 aliquam
1662 1826 1804 1918 stipem.
1872 1822 1927 1895 lbi
1960 1824 2114 1918 portitor
2146 1826 2305 1918 porrigit

267 1931 396 2024 virgo?
447 1929 511 2001 Est
533 1930 700 2001 destituta
719 1928 852 2001 auxilio
866 1930 980 2013 servi,
1005 1941 1076 2000 stat
1098 1928 1259 2012 inermis,
1311 1926 1407 2026 (erat
1426 1928 1523 1999 enim
1540 1940 1681 2021 tempus
1704 1925 1923 2022 prandendi)
1944 1927 2000 1998 ius
2022 1928 2124 1996 valde
2145 1929 2302 1999 calidum

268 2047 429 2105 armatus
445 2045 613 2103 cruentus
630 2046 664 2102 et
679 2033 843 2125 leprosus
858 2033 951 2103 latro
969 2033 1015 2102 ob
1031 2030 1154 2102 oculos
1178 2054 1258 2100 ver·
1312 2046 1349 2104 et
1361 2044 1481 2102 atrum
1498 2055 1647 2124 panem;
1671 2031 1741 2123 ipsi
1759 2055 1839 2100 cum
1853 2053 1930 2099 non
1949 2025 2125 2100 haberent
2141 2027 2304 2101 cochlea·

268 2151 379 2209 satur.
431 2136 595 2205 Tandem
614 2135 734 2206 multis
751 2130 934 2205 lachrimis
958 2135 1156 2204 deformata
1177 2158 1257 2203 cum
1311 2136 1387 2219 ria,
1404 2129 1479 2204 'nec
1492 2135 1603 2205 fames
1618 2144 1803 2226 pateretur
1817 2157 1979 2216 moram,
2004 2132 2227 2204 conveniunt
2248 2134 2305 2201 in·

269 2250 360 2311 esset
374 2252 496 2309 coacta
514 2250 549 2307 et
563 2237 732 2321 inferior,
759 2237 940 2331 promittit
955 2262 991 2308 se
1012 2236 1102 2306 velle
1117 2236 1259 2329 explere
1312 2252 1368 2308 ter
1382 2262 1439 2320 se,
1464 2249 1505 2307 ut
1523 2261 1608 2306 mox
1629 2260 1695 2306 ore
1720 2236 1953 2306 absorberent
1973 2234 2028 2305 ius
2051 2236 2198 2307 alternis
2217 2235 2305 2305 vici-

269 2342 345 2412 eius
367 2340 552 2423 libidines,
579 2365 723 2412 sumens
746 2340 921 2423 cultrum,
957 2363 1064 2435 quem
1088 2340 1127 2407 in
1148 2339 1259 2407 latere
1311 2343 1398 2424 bus,
1423 2351 1458 2408 et
1472 2340 1576 2431 panis
1590 2350 1834 2410 reservaretur
1851 2339 1889 2406 in
1909 2338 2089 2431 reliquum
2111 2338 2191 2409 iter.
2250 2336 2305 2407 lbi

268 2443 482 2538 pendentem
499 2437 655 2511 habebat
668 2444 714 2512 ad
729 2443 965 2540 marsupium,
992 2454 1028 2510 et
1043 2439 1260 2535 praeferens,
1312 2443 1451 2536 primus
1474 2442 1578 2511 alteri
1600 2442 1799 2535 propinans
1822 2466 1902 2512 cum
1926 2440 2115 2511 exorberet
2135 2441 2191 2512 ius
2218 2439 2305 2510 cali-

268 2545 372 2640 quasi
408 2546 523 2615 cultro
558 2544 665 2614 vellet
699 2546 815 2615 nodos
847 2543 1260 2636 ligamentorumvesti-
1313 2548 1421 2629 dum,
1446 2539 1678 2615 vehementer
1693 2543 1887 2614 combussit
1901 2542 2096 2637 palatium,
2129 2542 2178 2612 ita
2201 2556 2244 2613 ut
2261 2566 2305 2612 ex

266 2646 381 2716 menti
396 2648 535 2718 solvere
553 2659 588 2716 et
601 2671 676 2717 sese
696 2649 852 2729 nudare,
880 2672 916 2717 se
940 2647 1056 2739 ipsam
1079 2645 1260 2716 interficit.
1314 2648 1425 2719 oculis
1448 2647 1650 2718 extillarcnt
1671 2642 1887 2728 lachrimae,
1920 2670 2010 2741 quas
2035 2670 2117 2717 cum
2137 2646 2227 2715 alter
2252 2645 2307 2714 vi·

266 2748 448 2842 Leprosus
463 2773 525 2841 spe
541 2749 732 2820 frustratus
751 2750 869 2820 induit
891 2762 1084 2843 utrumque
1109 2750 1260 2818 cadaver
1313 2755 1434 2834 deret,
1464 2749 1702 2841 interrogavit
1723 2751 1767 2818 de
1792 2748 1907 2820 causis
1929 2744 2207 2833 lachrimarum,
2240 2771 2307 2819 cur

268 2875 390 2935 sacco,
416 2865 452 2921 et
466 2851 624 2922 insidens
640 2875 754 2946 equo,
782 2865 865 2969 pote
881 2876 918 2922 se
939 2850 1096 2944 imponit
1118 2874 1260 2921 saccum
1313 2877 1410 2926 nunc
1423 2847 1671 2935 lachrimaret,
1698 2877 1778 2923 cum
1793 2846 1962 2932 haberet,
1989 2852 2088 2945 quod
2101 2855 2242 2935 ederet,
2269 2863 2307 2919 et

269 2955 317 3023 ad
334 2954 506 3022 cervicem
521 2953 690 3047 equinam
713 2965 937 3046 equitaturus
959 2953 999 3022 in
1015 2953 1171 3045 sylvam,
1197 2976 1261 3022 vo·
1314 2969 1440 3038 antea,
1469 2978 1549 3024 cum
1568 2954 1768 3038 esuriisset,
1800 2979 1875 3023 non
1893 2954 2018 3024 itidem
2040 2955 2182 3024 faceret.
2241 2950 2307 3022 Ille

268 3056 337 3127 luit
359 3056 508 3126 fortasse
532 3057 707 3126 cadavera
728 3058 903 3139 condere,
929 3056 987 3124 vel
998 3054 1035 3123 in
1054 3053 1261 3147 proximum
1314 3057 1541 3130 dissimulans
1561 3057 1717 3127 calorem
1735 3057 1971 3148 offae,‚fingit
1994 3054 2083 3127 alias
2104 3080 2227 3126 causas
2250 3058 2308 3125 la·

268 3158 403 3228 flumen
426 3158 589 3229 abiicere.
648 3156 746 3229 Deus
770 3183 856 3228 vero
883 3157 999 3227 voluit
1020 3169 1094 3225 tam
1119 3156 1260 3227 crudele
1315 3158 1557 3243 chrimarum,
1595 3158 1785 3254 seilicetfl)
1808 3171 1891 3228 ante
1924 3182 2058 3228 annum
2080 3155 2149 3228 hoc
2176 3158 2237 3227 die
2268 3158 2309 3227 in

268 3260 405 3331 facinus
436 3261 658 3333 manifestari
691 3275 727 3331 et
755 3261 897 3353 puniri,
935 3273 1042 3355 atque
1072 3259 1154 3330 ideo
1186 3284 1262 3329 non
1314 3288 1455 3335 crucem
1476 3286 1687 3354 suspensum
1710 3280 1785 3333 esse
1806 3287 1911 3333 suum
1934 3274 2070 3355 patrem
2094 3260 2237 3354 inquit,
2268 3261 2309 3331 id

268 3364 384 3434 multo
401 3378 482 3456 post
499 3365 645 3434 advenit
663 3364 812 3456 virginis
833 3375 938 3456 pater
962 3388 1042 3435 eum
1064 3388 1130 3435 suo
1150 3363 1262 3432 comi·
1313 3367 1382 3439 sibi
1402 3367 1442 3434 in
1462 3377 1618 3434 mentem
1642 3389 1739 3437 nunc
1758 3365 1909 3435 venisse.
1966 3363 2131 3433 Tandem
2156 3377 2193 3433 et
2215 3364 2310 3435 alter

269 3478 366 3550 tatu,
391 3467 507 3537 iturus
525 3470 571 3536 ad
592 3467 687 3537 filiae
710 3467 856 3559 nuptias
879 3466 959 3561 (sed
985 3478 1174 3536 vertuntur
1195 3488 1262 3536 nu·
1314 3471 1436 3542 sorbet
1449 3469 1493 3538 de
1512 3467 1628 3538 calido
1645 3467 1745 3551 iure,
1771 3480 1807 3536 et
1820 3467 1985 3539 similiter
2000 3479 2042 3536 ut
2055 3466 2192 3559 primns
2206 3489 2309 3534 com·

268 3568 365 3662 ptiae
395 3568 434 3637 in
465 3569 666 3641 tristissima
699 3570 856 3663 funera).
917 3566 1050 3638 Vident
1078 3569 1260 3661 leprosum
1314 3571 1429 3644 bussit
1452 3595 1511 3654 os,
1549 3583 1591 3640 ut
1622 3571 1731 3640 etiam
1762 3595 1805 3639 ex
1827 3569 1950 3654 ¹oculis
1978 3569 2096 3640 stillae
2123 3570 2310 3639 caderent„

140 3712 146 3734 0
270 3681 355 3739 ante
371 3669 469 3761 ipsos
482 3671 702 3764 equitantem
718 3695 783 3764 per
798 3670 905 3741 unius
922 3670 998 3761 agri
1020 3669 1262 3740 intervallum.
1315 3675 1421 3745 Tune
1440 3674 1531 3742 dixit
1554 3673 1660 3743 alter:
1688 3670 1799 3755 Ecce,
1824 3696 1946 3741 nonne
1967 3683 2007 3740 et>
2025 3684 2064 3742 tu
2087 3666 2307 3742 lachrimas?

269 3770 587 3862 Nobilisagnoscit
602 3796 733 3865 equum
749 3797 875 3854 sturm,
901 3796 973 3865 quo
988 3784 1132 3843 avectus
1146 3773 1263 3840 fuerat
1315 3801 1379 3848 cur
1395 3799 1528 3870 quaeso
1545 3777 1582 3844 id
1599 3773 1711 3845 facis?
1747 3774 1948 3866 Respondit
1962 3775 2071 3844 alter:
2098 3768 2310 3855 Lachrimo,

270 3872 421 3966 virginis
452 3877 599 3956 ductor,
641 3872 719 3945 aliis
743 3898 830 3943 vero
858 3872 1058 3945 dicentibus
1084 3897 1161 3942 non
1188 3897 1262 3945 esse
1315 3881 1414 3974 quod
1429 3900 1505 3947 non
1526 3901 1599 3949 una
1622 3888 1827 3969 compatre
1852 3901 2120 3970 essuspensus,
2154 3873 2308 3970 quodsi

271 3999 375 4047 suum
391 3999 542 4070 equum;
570 3978 754 4070 quomodo
772 3975 867 4046 enim
882 3975 1052 4068 possibile
1069 3988 1122 4047 est
1144 3975 1262 4067 ipsum
1314 3983 1447 4054 factum
1465 3993 1577 4064 esset,
1603 4003 1679 4050 non
1691 3980 1962 4051 combussissem
1981 4004 2021 4051 os
2036 4003 2170 4050 meum.

270 4072 331 4146 hic
351 4077 424 4146 iam
448 4103 541 4164 esse,
571 4079 751 4174 inquiunt.
805 4076 987 4173 Coepit”)
1007 4074 1175 4148 nonnihil
1197 4077 1263 4148 du·
1418 4079 1634 4154 cchxxvt
1666 4084 1760 4151 Ante
1774 4106 1834 4153 sex
1849 4106 1962 4154 annos
1977 4081 2141 4152 Viennae
2159 4081 2310 4150 combu-

160 4237 162 4241 .
272 4177 410 4264 bitare,
436 4187 611 4276 etpalsus
628 4195 730 4253 estse
746 4208 766 4251 a
784 4181 899 4275 priori
922 4181 1098 4253 sententia
1121 4181 1262 4253 abduci.
1314 4201 1368 4259 sta
1397 4200 1450 4258 est
1471 4187 1622 4269 mulier,
1656 4209 1749 4278 quac
1770 4182 1898 4255 hebuit
1920 4210 1998 4256 rem
2022 4210 2103 4256 cum
2130 4207 2235 4277 cane,
2268 4194 2308 4250 et

272 4280 437 4354 Tandem
455 4309 536 4355 cum
554 4284 686 4356 nobilis
702 4285 843 4356 animus
859 4284 973 4376 magis
989 4284 1172 4379 magisque
1187 4307 1263 4354 ma·
1313 4292 1430 4361 foetus
1446 4302 1552 4381 caput
1567 4283 1695 4360 habuit
1709 4284 1930 4373 humanum,
1954 4291 2018 4360 sed
2030 4287 2210 4382 reliquum
2226 4308 2309 4354 cor·

270 4386 345 4456 lum
362 4388 603 4480 praesagiret,
628 4387 743 4461 iussus
761 4412 855 4460 unus
878 4411 920 4457 es
943 4385 1116 4458 ministris
1141 4386 1261 4458 statim
1313 4418 1382 4486 pus
1397 4391 1521 4463 retulit
1536 4391 1690 4483 speciem
1706 4393 1815 4462 canis.

271 4491 318 4558 ad
333 4489 516 4582 leprosum
536 4514 732 4583 properare
758 4504 794 4560 et
815 4514 858 4560 ex
880 4514 943 4574 eo,
969 4489 1049 4584 quis
1065 4501 1174 4574 esset,
1200 4500 1263 4558 aut
1418 4490 1648 4566 CCLXXVll.
1693 4492 1828 4564 Dicunt
1847 4496 1891 4561 de
1912 4491 2092 4576 Eremita,
2134 4492 2200 4584 qui
2224 4515 2308 4559 eum

271 4614 381 4684 aquo
397 4606 580 4685 pergeret,
613 4594 812 4687 exquirere.
864 4591 974 4687 Quod
998 4616 1079 4663 cum
1100 4591 1263 4663 minister
1313 4595 1461 4668 haberet
1480 4621 1565 4689 apes
1581 4609 1616 4664 et
1632 4597 1704 4665 iam
1721 4596 1916 4688 collegisset
1932 4598 2075 4689 plenam
2091 4593 2202 4663 ollam
2219 4594 2309 4662 mel·

269 4692 424 4779 laceret,
450 4695 570 4765 statim
587 4694 825 4787 cognovitsui
841 4696 995 4787 collegae
1011 4719 1155 4790 equum.
1193 4691 1263 4762 lta·
1314 4701 1381 4786 lis,
1407 4699 1496 4768 dixit
1509 4701 1555 4768 ad
1572 4723 1608 4768 se
1622 4699 1759 4791 ipsum:
1792 4697 1869 4789 Ego
1891 4702 2044 4768 vendam
2066 4697 2154 4767 illud
2176 4696 2249 4764 mel
2271 4706 2309 4764 et

272 4810 343 4891 quc
363 4819 444 4866 cum
466 4796 706 4890 interrogaret
730 4798 869 4891 ipsum,
913 4797 993 4892 quis
1012 4794 1127 4869 esset?
1166 4797 1263 4871 unde
1315 4826 1433 4874 emam
1452 4796 1543 4885 mihi
1564 4802 1654 4872 duas
1677 4802 1836 4873 oviculas
1857 4815 1893 4870 et
1913 4802 2107 4872 aedificabo
2132 4821 2307 4887 magnum

270 4909 392 4969 vectus
415 4912 505 4971 esset
527 4925 661 4994 equum
683 4902 791 4974 istum
812 4899 1051 4993 generosum?
1083 4897 1265 4970 obmutuit
1315 4930 1477 4999 gregem
1501 4878 1659 4987 deinde,
1691 4904 1722 4974 si
1746 4929 1808 4975 ero
1836 4903 1953 4988 dives,
1988 4907 2115 4974 ducam
2141 4922 2311 4984 uxorem,

271 5001 452 5073 maleficus
475 5015 511 5072 el
532 5015 627 5075 ῑθῑῠὸ
647 5002 836 5096 θΧΡθΠῦἷῐὶ
864 5004 925 5075 sed
944 5001 1106 5072 minister
1132 5014 1263 5094 putans
1316 5033 1408 5104 quae
1425 5008 1494 5077 erit
1508 5006 1708 5099 morigera,
1740 5007 1821 5077 etsi
1838 5007 1997 5075 noluerit
2012 5030 2086 5077 esse
2108 5003 2308 5093 morigera,

270 5102 388 5195 ipsum
404 5128 461 5176 res
479 5105 568 5177 alias
584 5130 689 5199 agere
707 5121 742 5176 et
763 5132 896 5202 equum
911 5106 1006 5175 furto
1024 5102 1263 5199 acquisivisse,
1315 5112 1512 5205 percutiam
1532 5110 1644 5181 illam.
1695 5108 1742 5179 Et
1759 5107 1893 5181 habens
1913 5110 2102 5194 baculum,
2134 5132 2175 5176 ac
2197 5106 2311 5178 simul

272 5204 392 5275 deiicit
415 5209 459 5276 de
484 5231 577 5304 equo
598 5234 758 5293 saccum,
799 5221 836 5278 et
857 5231 969 5277 manu
996 5219 1121 5278 tenens
1149 5207 1264 5290 irena,
1315 5215 1446 5285 feriens
1475 5213 1581 5297 discit:
1618 5211 1696 5303 Ego
1722 5238 1800 5283 eam
1822 5213 1873 5285 sic
1895 5213 2113 5304 percutiam
2154 5223 2190 5280 et
2212 5211 2309 5279 sorte

271 5307 366 5401 cepit
399 5308 576 5381 latronem
613 5327 648 5383 et
681 5312 862 5404 captivum
895 5309 1057 5380 detinens
1091 5309 1264 5379 acclamat
1316 5354 1519 5371 -.--...-

272 5411 364 5494 suis,
399 5427 440 5482 ut
467 5431 676 5498 accurrant,
710 5428 745 5484 et
760 5413 908 5505 capiunt
930 5412 1065 5495 furem,
1101 5413 1145 5480 de
1169 5433 1262 5503 equo
1348 5433 1398 5496 ss)
1417 5429 1510 5496 retus]
1529 5433 1610 5485 cors
1635 5434 1747 5483 sentens

1237 5496 1251 5517 ¹
1350 5504 1399 5560 25)
1419 5497 1565 5566 quoddam]
1585 5501 1668 5554 cod:
1692 5502 1806 5564 quodam

274 5568 315 5578 “’
417 5575 434 5579 “’
446 5573 477 5582 “”
1350 5569 1399 5633 26)
1418 5571 1565 5628 accedam]
1583 5570 1665 5620 cod:
1690 5571 1822 5619 recedam

305 5647 354 5704 28)
372 5646 482 5712 coepte]
502 5648 587 5697 cod:
612 5646 694 5707 cepit
1350 5640 1400 5700 27)
1416 5640 1538 5698 scillcet]
1557 5639 1623 5688 cod.
1642 5640 1723 5688 hebet
1740 5639 1897 5699 scripturae
1917 5638 2120 5701 compendium:
2146 5640 2163 5701 ρ
