5125 6525
264 431 337 508 4o1
414 439 420 450 ·
873 427 1382 517 aerumnosarum
1411 425 1681 506 aaronica
1746 411 1751 418 ’
1817 467 1819 472 -
1996 485 1999 492 .
2226 435 2305 516 or

261 603 370 678 rebus
402 602 591 696 ambiguis.
657 599 736 695 Ego
768 627 855 675 vcro
882 615 979 674 certa
1007 616 1043 675 et
1068 603 1253 696 explorata
1305 627 1373 674 nec
1388 601 1520 696 Belgae
1541 626 1608 672 nec
1627 602 1808 677 Austriaci
1830 603 2024 697 parerent?
2076 602 2124 676 Et
2144 619 2187 678 ut
2206 609 2307 680 futu-

263 729 523 779 commemoro.
588 701 663 776 lam
692 705 810 793 enim,
844 720 885 778 ut
910 706 1005 793 dixi,
1036 705 1170 778 bellum
1192 707 1254 778 de·
1305 729 1389 778 rum
1403 729 1480 776 non
1496 705 1637 792 dubito,
1657 709 1689 780 si
1702 707 1836 780 bellum
1852 707 1948 778 inter
1962 709 2055 779 duos
2069 707 2199 802 Reges,
2216 711 2307 783 Gal·

261 810 469 892 nuntiatum
492 822 564 895 cst,
589 809 783 905 conscripti
801 810 995 895 exercitus,
1020 803 1112 906 quos
1131 822 1254 880 tamen
1305 805 1415 879 licum
1441 820 1478 878 et
1497 807 1753 901 Hispanicum,
1786 811 1826 880 in
1844 809 2011 901 Belgico,
2045 812 2172 882 autin
2196 809 2303 886 ltalia

261 916 358 986 fama
389 925 535 984 nostrae
563 914 769 1000 electionis,
801 914 833 987 si
863 914 963 986 alius-
977 913 1088 984 fuerit
1110 912 1254 996 electus,
1306 910 1481 982 oriretur:
1514 934 1561 981 an
1585 908 1805 1005 Imperator,
1832 911 1929 984 velut
1953 913 2089 986 otiosus
2105 928 2303 1008 spectator,

261 1016 365 1088 facile
388 1015 574 1108 reprimet.
1305 1013 1439 1085 sineret
1462 1015 1551 1085 duas
1573 1027 1712 1088 exteras
1727 1015 1892 1088 nationes
1909 1015 2065 1109 diripere
2080 1018 2218 1090 honam
2236 1019 2304 1090 im·

365 1117 489 1214 Quare
520 1131 562 1191 ut
582 1117 705 1189 liniam
726 1113 822 1188 hanc
845 1118 1147 1211 disputationem,
1180 1115 1254 1209 pri·
1305 1116 1398 1289 pprii
1423 1116 1589 1209 partem?
1641 1117 1764 1212 Quid?
1797 1121 1897 1212 quod
1920 1118 1988 1211 ipsi
2009 1119 2192 1213 principes
2211 1121 2303 1194 Gar·

261 1245 363 1293 mum
386 1222 462 1314 lege
485 1234 520 1294 et
542 1221 748 1293 iuramento
768 1220 938 1315 impediri
953 1246 1021 1294 nos
1036 1243 1183 1303 censeo,
1207 1243 1253 1290 ne
1344 1219 1468 1303 auiae,
1494 1231 1536 1290 ut
1548 1243 1645 1292 nunc
1660 1234 1744 1292 sunt
1759 1245 1898 1306 mores,
1922 1234 2044 1314 spreto
2060 1247 2127 1295 suo
2142 1221 2303 1318 lmpera·

262 1323 398 1417 Regem
415 1324 593 1395 Gallicum
608 1323 840 1395 Franciscum
855 1326 901 1396 ad
915 1325 1060 1417 imperii
1071 1320 1254 1413 fastigium
1305 1334 1405 1406 tore,
1430 1321 1492 1391 alii
1508 1347 1545 1394 se
1561 1347 1641 1394 cum
1660 1323 1876 1408 austriacis,
1902 1323 1963 1394 alii
1983 1349 2064 1394 cum
2078 1326 2194 1399 Galba
2214 1351 2300 1398 con·

262 1424 469 1498 evehamus.
520 1425 661 1497 Deinde
677 1426 806 1510 etiarn,
831 1429 863 1500 si
878 1429 1008 1520 eligere
1023 1452 1104 1499 eum
1119 1425 1254 1522 liceret,
1290 1419 1476 1543 ssiungent?
1530 1425 1578 1495 Ut
1594 1425 1703 1518 igitur
1722 1426 1862 1520 lepores
1880 1426 2049 1498 dicuntur
2065 1428 2199 1502 frustra
2215 1456 2304 1500 con-

261 1554 389 1601 censeo
412 1529 449 1599 id
469 1554 546 1599 non
568 1554 641 1602 esse
660 1554 679 1599 e
696 1530 900 1624 republica,
925 1533 989 1602 sed
1005 1517 1166 1601 futurum
1181 1526 1254 1598 exi-
1306 1526 1444 1596 ciouari
1472 1528 1658 1613 leonibus,
1696 1530 1745 1600 ita
1776 1530 1912 1601 sedebit
1936 1541 2060 1600 noster
2082 1529 2305 1625 lmperator,

259 1632 344 1703 tiale
366 1632 585 1703 Germaniae
615 1645 652 1703 et
678 1633 838 1705 fortassis
859 1633 1049 1731 universae
1070 1630 1254 1722 Europae.
1306 1630 1403 1700 velut
1427 1629 1548 1722 lepus,
1580 1632 1696 1703 edicta
1718 1657 1938 1726 componens
1957 1632 2137 1720 leonibus,
2169 1635 2303 1706 videli-

262 1734 386 1834 Quare
419 1722 594 1826 profiteor
628 1760 686 1805 me
717 1736 889 1828 suffragio
914 1761 997 1808 meo
1022 1757 1251 1830 nequaquam
1305 1745 1361 1802 cet
1385 1731 1463 1804 istis
1483 1732 1658 1824 Regibus:
1703 1759 1794 1829 quae
1819 1737 1931 1806 edicta
1957 1735 2142 1807 derideant
2167 1760 2300 1811 omnes

260 1860 439 1909 accersere
456 1836 602 1907 GaHum
618 1836 691 1907 ad
681 1838 886 1930 imperium.
1306 1847 1446 1904 exterae
1472 1838 1649 1909 nationes.
1701 1837 1823 1909 Minus
1844 1838 1994 1932 periculi
2016 1838 2102 1924 fuit,
2134 1864 2216 1909 cum
2240 1865 2303 1910 re-

362 1938 516 2010 Restant
530 1941 622 2010 duae
637 1939 906 2013 deliberationis
912 1954 1053 2064 partes,
1079 1936 1253 2012 anCaro-
1305 1950 1432 2030 gnaret
1454 1937 1660 2012 Fridericus
1684 1937 1759 2012 lll.:
1800 1954 1835 2011 et
1858 1951 1978 2012 tamen
2002 1941 2170 2012 dedecori
2191 1943 2303 2015 nobis

260 2043 316 2113 lus
338 2042 385 2113 sit
405 2041 608 2134 eligendus,
634 2056 697 2113 aut
713 2044 804 2115 alius
821 2041 999 2140 quispiam
1016 2039 1252 2114 Germanicus
1304 2040 1390 2121 fuit,
1427 2052 1513 2110 tunc
1536 2042 1774 2134 Burgundum
1806 2044 1900 2114 ferre
1932 2044 2033 2135 sigua
2065 2069 2132 2138 per
2162 2044 2320 2134 bonam¹

185 2199 190 2208 1
259 2145 438 2239 princeps.
482 2145 579 2215 Haec
604 2146 815 2244 deliberatio
834 2149 948 2218 multo
967 2143 1058 2216 mihi
1073 2143 1253 2217 difficilior
1304 2142 1521 2214 Germaniae
1545 2159 1703 2238 partem;
1735 2141 1945 2238 Philippum
1969 2146 2160 2216 Mariam
2149 2172 2300 2241 impune

260 2260 324 2320 est.
336 2247 438 2320 Nam
450 2249 494 2318 de
503 2248 634 2319 Carolo
650 2250 782 2340 opinor
796 2251 987 2345 plerosque
996 2263 1155 2322 vestrum
1168 2269 1253 2366 pro-
1304 2246 1459 2337 grassari
1474 2245 1514 2315 in
1529 2243 1651 2328 ltalia;
1686 2248 1772 2318 alibi
1789 2250 1896 2322 etiam
1916 2249 2168 2320 circumsederi
2180 2247 2300 2343 lmpe·

258 2363 340 2446 pter
363 2351 495 2423 multas
519 2376 646 2443 graves
671 2377 795 2423 causas
814 2353 1001 2437 dubitare,
1028 2376 1121 2448 quae
1142 2341 1252 2421 etiam
1304 2360 1462 2420 ratonem
1485 2350 1525 2419 in
1544 2350 1620 2441 ipsa
1635 2352 1800 2438 Austria,
1832 2377 1898 2422 nec
1918 2348 2247 2425 nis1Bohemicis·
2236 2380 2300 2425 an-

260 2478 380 2523 meum
409 2453 569 2524 animum
602 2479 678 2524 non
707 2455 834 2525 leviter
866 2470 1026 2528 movent.
1085 2454 1251 2524 Primum
1304 2450 1398 2522 xiliis
1425 2451 1593 2538 liberari,
1626 2467 1809 2545 postremo
1836 2458 1881 2524 ab
1906 2454 2087 2547 Hungaris
2112 2455 2199 2547 pelli
2225 2459 2297 2529 Au·

259 2545 433 2648 Hispania
455 2557 561 2648 longe
584 2557 707 2628 dissita
732 2571 785 2629 est
805 2584 825 2627 a
848 2558 1066 2643 Germania,
1092 2559 1191 2651 quod
1211 2567 1254 2625 ut
1303 2552 1412 2637 stria,
1446 2567 1483 2624 et
1505 2554 1586 2639 eiici
1612 2581 1654 2626 ex
1678 2558 1751 2628 suis
1778 2557 1928 2628 laribus:
1969 2582 2049 2627 cum
2078 2559 2225 2653 quidem
2252 2583 2297 2628 ea

258 2658 417 2728 libertati
437 2672 583 2730 nostrae
602 2661 713 2732 tutius
736 2660 898 2746 videtur,
930 2662 1001 2747 ita,
1032 2660 1064 2732 si
1079 2659 1251 2731 Carolum
1304 2667 1419 2725 aetate
1434 2653 1581 2728 haberet
1597 2660 1808 2732 coniunctos
1822 2660 2021 2753 principes,
2047 2686 2169 2732 meum
2187 2685 2300 2732 avum

260 2761 473 2832 detinebunt
489 2761 705 2855 Hispaniae,
730 2763 868 2835 interea
889 2764 966 2836 sine
989 2762 1190 2857 praesidio,
1217 2774 1252 2832 et
1304 2754 1552 2830 Marchionem
1570 2762 1779 2848 Albertum,
1812 2765 1943 2834 fortem
1965 2775 2001 2833 et
2021 2763 2223 2858 sapientem
2246 2764 2306 2833 vi·'

260 2863 338 2935 sine
362 2867 507 2934 custode
532 2865 697 2956 publicae
719 2866 991 2962 tranquillitatis
1015 2866 1084 2938 erit
1100 2866 1251 2937 Germa·
1304 2884 1407 2944 rum,
1434 2875 1468 2933 et
1485 2864 1673 2935 Alhertum
1690 2866 1867 2936 Saxoniae
1884 2864 2035 2938 Ducem.
2085 2866 2185 2959 Quid
2201 2891 2300 2938 nunc

260 2965 335 3037 nia.
386 2964 436 3035 Et
458 2966 515 3035 vel
532 2967 678 3038 'l'urcici
694 2969 779 3038 belli
796 2994 924 3053 causa,
950 2970 1008 3041 vel
1021 2980 1171 3062 propter
1188 2970 1252 3037 do·
1304 2964 1423 3047 fieret,
1458 2989 1539 3035 cum
1563 2967 1675 3037 exteri
1698 2992 1800 3060 reges
1823 2963 1998 3039 haberent
2013 2966 2074 3038 alii
2089 2969 2180 3041 alios
2197 2968 2300 3062 prin-

260 3067 426 3141 mesticos
445 3068 650 3162 principum
673 3073 867 3156 tumultus,
899 3073 1089 3144 necessitas
1109 3070 1251 3163 publica
1304 3066 1400 3158 cipes
1420 3068 1607 3161 stipendiis
1623 3070 1823 3163 obligatos?
1874 3069 1923 3141 Et
1937 3096 2046 3166 quam
2064 3074 2202 3143 multae
2217 3096 2299 3144 cau·

260 3170 419 3264 flagitat,
453 3184 493 3243 ut
526 3173 624 3244 velut
657 3173 695 3243 in
728 3176 883 3247 statione
915 3175 1009 3246 adsit
1038 3173 1252 3267 lmperator.
1304 3192 1364 3240 sae
1381 3167 1539 3241 incidere
1554 3187 1723 3265 possunt,
1750 3174 1807 3244 vel
1822 3173 2046 3269 principibus
2065 3175 2122 3244 vel
2145 3174 2298 3248 civitati-

261 3274 384 3370 Quid?
417 3275 448 3346 si
472 3275 579 3346 etiam
605 3279 724 3349 subito
748 3279 793 3371 de
816 3279 991 3374 imperio,
1025 3292 1089 3349 ant
1108 3280 1152 3348 de
1169 3277 1253 3348 reli·
1288 3274 1371 3357 ¹bus
1393 3273 1646 3348 detrectandae
1672 3278 1915 3348 obedientiae!
1980 3277 2160 3349 Videntur
2187 3279 2299 3351 etiam

261 3378 368 3471 gione
385 3379 557 3450 exarserit
572 3379 692 3475 aliqua
709 3382 863 3453 seditio?
904 3380 1083 3476 Equidem
1102 3376 1253 3472 perhor-
1304 3378 1349 3445 de
1365 3377 1539 3469 religione
1555 3378 1763 3472 impendere
1777 3377 1968 3452 horribiles
1986 3382 2172 3454 tumultus.
2207 3382 2301 3453 Sunt

260 3505 380 3566 resco,
407 3482 588 3574 cogitans,
615 3498 789 3577 quantum
813 3499 900 3558 tunc
916 3481 1083 3555 habitura
1098 3485 1145 3555 sit
1158 3482 1253 3575 peri·
1305 3477 1401 3549 enim
1422 3481 1561 3551 semina
1582 3483 1655 3552 iam
1678 3507 1802 3577 sparsa
1826 3485 1870 3553 de
1891 3484 2144 3576 indulgentiis,
2170 3485 2218 3555 de
2234 3509 2299 3578 po-

261 3581 434 3657 culibaec
449 3586 549 3654 natio
567 3587 711 3657 absente
726 3582 960 3681 Imperatore.
997 3586 1131 3657 Fateor
1145 3582 1252 3657 huius
1305 3593 1430 3655 testate
1452 3586 1658 3676 pontificia,
1691 3588 1735 3656 de
1756 3587 1949 3658 autoritate
1966 3586 2299 3659 Ecclesiasticarum

260 3687 412 3780 periculi
434 3687 650 3779 cogitatione
671 3692 756 3780 angi
779 3692 941 3761 animum
958 3715 1091 3761 meum.
1142 3689 1252 3760 Aliud
1277 3770 1280 3783 Δ
1304 3684 1562 3771 traditionum,
1587 3713 1680 3782 quae
1695 3689 1836 3760 etiamsi
1852 3685 1969 3760 adhuc
1984 3690 2162 3762 sanabilia
2180 3690 2298 3761 existi·

261 3788 375 3860 levius
400 3801 473 3873 est,
506 3791 569 3861 sed
592 3804 714 3860 tamen
738 3816 814 3863 non
838 3795 1154 3864 contemnendum.
1214 3791 1253 3862 Si
1304 3801 1472 3874 mantur,
1513 3804 1635 3862 tamen
1658 3791 1767 3884 paulo
1791 3805 1892 3884 post,
1932 3817 2102 3886 magnam
2128 3791 2296 3865 mutatio-

262 3891 360 3962 enim
383 3890 498 3962 iratus
521 3892 717 3988 aliquando
733 3895 770 3964 in
785 3896 1020 3967 Germaniam
1035 3895 1191 3978 veniret,
1218 3906 1268 3964 et*
1304 3914 1389 3959 nem
1408 3887 1595 3965 universae
1614 3892 1793 3966 Ecclesiae
1816 3895 1978 3967 afferent.
2029 3896 2179 3969 Nullum
2202 3895 2298 3967 enim

261 3993 443 4101 Hispanos
466 3996 678 4067 adduceret:
704 3997 851 4072 libertas
869 4013 994 4072 nostra
1012 4022 1088 4069 non
1106 4010 1196 4069 esset
1213 3996 1253 4067 iu
1305 3993 1491 4066 doctrinae
1517 4021 1630 4088 genus
1655 3997 1793 4068 maiore
1820 3999 1996 4090 applausu
2022 4012 2209 4091 exceptum
2235 4012 2300 4085 est,

261 4096 354 4169 tuto.
404 4095 582 4171 Fortassis
602 4113 638 4170 et
651 4101 804 4196 Hispani
827 4103 1017 4174 difficulter
1028 4100 1134 4173 nobis
1151 4101 1253 4170 resti-
1305 4102 1414 4191 quarn
1440 4092 1520 4170 hoc.
1576 4097 1624 4170 Et
1638 4100 1804 4220 ‘quotidie
1827 4102 1931 4194 plura
1955 4103 2121 4194 dogmata
2143 4125 2299 4181 moven-

260 4212 365 4271 tuent
380 4198 523 4299 imperii
513 4201 663 4289 decus,
683 4219 875 4303 postquam
889 4204 1050 4278 semelin
1064 4200 1157 4274 hanc
1171 4228 1253 4295 pos·
1305 4211 1385 4283 tur,
1419 4200 1608 4273 irritantur
1636 4202 1781 4296 ingenia
1810 4204 2110 4276 ferocissimarum
2134 4202 2293 4295 gentium

260 4303 454 4375 sessionem
485 4304 669 4391 venerint,
704 4310 917 4400 praesertim
941 4333 1022 4379 cum
1046 4308 1185 4377 aditum
1207 4308 1254 4375 ad
1305 4301 1345 4371 in
1361 4302 1578 4391 Germania,
1604 4306 1800 4377 Saxonicae
1820 4320 1856 4376 et
1870 4307 2086 4380 Helveticae.
2136 4305 2211 4380 Nec
2221 4330 2296 4426 ..po

261 4402 400 4478 Italiam
434 4407 485 4479 eis
517 4410 722 4502 patefaciat.
787 4411 835 4483 Et
867 4437 948 4482 cum
980 4434 1046 4482 suo
1079 4408 1254 4501 sanguine
1305 4405 1392 4476 terit
1412 4406 1489 4477 sine
1505 4358 1653 4528 Syriodp
1682 4410 1923 4504 tranquillitas
1943 4409 2122 4483 Ecclesiae
2146 4409 2300 4483 restitui.

262 4490 528 4602 recirperahunt
552 4510 822 4599 Mediolanum,
857 4539 932 4584 non
957 4515 1034 4585 sine
1059 4512 1254 4582 certamine
1307 4508 1409 4601 Quae
1438 4523 1558 4582 autem
1589 4511 1658 4582 erit
1686 4512 1822 4583 infirmi
1850 4510 2084 4606 Imperatoris
2108 4515 2300 4597 autoritas,

263 4612 347 4680 inde
369 4614 475 4729 nobis
499 4614 633 4689 cessuri
652 4631 747 4689 sunt.
798 4615 1019 4688 Videretur
1007 4614 1117 4708 agitur
1131 4616 1254 4701 tutius,
1306 4611 1415 4681 velin
1429 4616 1583 4704 petenda
1600 4615 1768 4709 Synodo‚
1794 4616 1878 4686 vel'
1867 4641 1906 4686 ιιι
1927 4619 2170 4700 defendenda,
2198 4640 2302 4711 prae·

262 4713 404 4785 omissis
418 4715 546 4787 exteris
561 4716 723 4810 regibus,
747 4719 878 4812 eligere
895 4720 1072 4815 aliquem,
1097 4722 1252 4811 pruden·
1306 4714 1429 4786 sertim
1447 4718 1478 4789 si
1496 4718 1630 4789 caeteri
1643 4718 2070 4811 regesadversabumur?
2108 4669 2240 4793 Nihil
2228 4743 2301 4789 ram

262 4816 333 4902 tia,
357 4816 511 4902 iustitia,
534 4821 766 4908 fortitudine,
792 4836 828 4894 et
850 4825 920 4894 tide
943 4834 1184 4914 praestantem
1201 4822 1255 4889 vi·
1307 4821 1351 4888 de
1367 4817 1531 4892 Turcicis
1556 4821 1660 4893 hellis
1684 4822 1823 4906 dimm,
1847 4823 1912 4895 etsi
1935 4836 2101 4895 nostrum
2120 4836 2195 4907 cst,
2226 4844 2298 4891 non

262 4944 344 4991 rum
379 4945 421 4993 ex
453 4922 603 5041 reliquis
630 4926 762 4998 nostris
798 4926 1040 5019 principibus,
1078 4938 1119 4996 ut
1148 4948 1254 5017 saepe
1306 4922 1417 4991 modo
1440 4925 1484 4993 de
1504 4925 1738 4997 defendendis
1760 4925 1891 4997 finibus
1913 4927 2065 5011 nostris,
2073 4927 2163 4998 ·sed
2190 4925 2300 4998 etiam

261 5023 417 5096 maiores
433 5027 743 5114 nostrifecerunt,
777 5055 841 5124 qur
829 5029 1068 5125 'plerumque
1083 5027 1253 5099 virtutem
1307 5025 1563 5099 deliberanda
1590 5029 1744 5101 Graecia
1772 5029 1940 5121 cogitare.
1993 5030 2120 5149 Quam
2147 5030 2195 5098 ad
2224 5053 2301 5099 rem

261 5127 300 5195 in
317 5128 489 5199 electione
507 5131 621 5223 magis
640 5145 836 5224 spectasse,
862 5157 971 5229 quam
987 5130 1186 5226 potentiam
1203 5131 1254 5201 vi·
1307 5153 1398 5222 opus
1421 5144 1473 5203 est
1493 5130 1689 5202 multarum
1711 5132 1902 5204 nationum
1900 5132 2055 5231 copiis,
2090 5145 2127 5203 et
2149 5131 2301 5217 viribus,

259 5230 404 5302 dentur.
1307 5255 1397 5327 quas
1418 5229 1632 5306 contrahere
1648 5233 1923 5327 lmperator,
1894 5260 2070 5329 siparum
2086 5230 2223 5306 habeat
2238 5259 2299 5305 au·

363 5337 530 5427 Agnosco
551 5335 588 5406 id
613 5336 780 5431 quidem;
821 5339 882 5409 sed
907 5350 994 5409 tnnc
1016 5336 1143 5430 populi
1164 5336 1254 5407 Ger·
1306 5335 1483 5422 totitatis,
1514 5361 1590 5407 non
1619 5339 1764 5432 poterit.
1827 5338 1925 5411 Haec
1954 5352 2062 5434 atque
2086 5340 2158 5409 alia
2186 5338 2297 5410 multa

261 5435 404 5508 maniae
418 5439 539 5509 minus
554 5452 657 5509 erant
671 5452 910 5513 contumaces.
961 5439 1082 5510 Facile
1099 5452 1188 5522 erat,
1215 5452 1255 5510 ut
1306 5463 1427 5508 meum
1445 5465 1606 5511 animum
1619 5444 1822 5528 adducunt,
1847 5456 1888 5513 ut
1903 5443 1942 5512 in
1960 5439 2028 5513 hac
2044 5443 2219 5515 electione
2235 5466 2301 5536 po·

261 5538 455 5631 dicituriin
476 5543 690 5635 proverbio,
722 5543 914 5634 imperium
936 5543 1107 5615 inbonis.
1147 5541 1254 5614 Nunc
1306 5541 1439 5612 tentiae
1471 5543 1651 5639 rationem
1678 5546 1878 5617 ducendam
1910 5571 1985 5619 esse
2018 5546 2195 5632 iudicem,
2231 5542 2305 5619 nisi

260 5653 380 5713 autem
406 5642 492 5739 quid
515 5646 637 5731 beret,
667 5645 699 5719 si
721 5647 832 5716 electo
854 5643 1074 5740 Imperatore
1095 5645 1254 5731 infirmo,
1304 5642 1565 5739 Imperatorem
1582 5648 1733 5723 velimus
1750 5645 1902 5735 habere,
1928 5650 1993 5747 qui
2009 5650 2152 5722 titulum
2169 5663 2303 5722 etum-
