5125 6525
402 448 455 525 55

509 618 675 690 Invenias
697 620 794 710 apud
817 632 942 711 poetas
961 642 1224 712 nonnunquam
1250 632 1286 688 et
1307 620 1396 690 alios

405 723 692 815 comparativus,
733 734 774 791 ut
799 715 983 825 βράσσων
1016 721 1159 811 segnior
1186 745 1205 789 a
1233 716 1396 818 βραδύς,

404 819 567 898 θάσσων
582 825 731 895 celerior
754 848 774 891 a
799 817 935 916 ταχύς,
961 837 996 893 et
1017 823 1173 895 πάσσων
1196 825 1349 894 crassior
1376 847 1396 891 a

406 924 548 1020 παχίς,
580 941 615 996 et
637 926 789 1009 similes,
816 951 905 1019 quos
929 939 1031 995 tuum
1055 926 1123 994 erit
1143 926 1255 994 lector
1277 928 1396 996 obser·
1458 963 1461 969 ,

405 1053 504 1102 vare.
546 1028 640 1099 Nam
655 1031 694 1098 in
709 1029 867 1118 regulam
886 1027 1158 1117 grammaticam
1177 1031 1299 1096 omnia
1317 1028 1396 1118 cogi

406 1144 603 1225 nequeunt.
670 1129 908 1199 Inveniuntur
934 1143 969 1198 et
997 1129 1264 1220 comparativa,
1305 1154 1397 1223 quae

403 1221 503 1303 unde
518 1236 670 1304 deducta
683 1234 766 1315 sint,
782 1256 857 1300 non
870 1246 1033 1324 apparet,
1048 1244 1089 1301 ut
1105 1230 1249 1329 ἄλγιον,
1263 1227 1399 1330 ῥίγιον,

408 1336 524 1429 ῥᾷον,
552 1336 623 1406 nisi
649 1359 669 1403 a
696 1333 813 1404 verbis
840 1358 914 1403 esse
941 1335 1034 1402 lacta
1060 1334 1122 1401 illa
1149 1334 1329 1417 dicamus,
1359 1346 1400 1404 ut

406 1436 621 1508 Latinorum
640 1436 772 1530 aliqui,
799 1437 955 1507 deterius
973 1461 993 1504 a
1010 1438 1133 1506 detero
1141 1435 1201 1532 ⁷⁹).

688 1633 1120 1706 Denominativum.

514 1812 598 1876 κος,
625 1799 665 1855 ut
687 1780 866 1878 μουσικός

511 1913 587 1976 ιος,
614 1900 655 1957 ut
667 1881 842 1981 οὐράνιος

510 1985 626 2083 ιοδης,
652 2001 691 2058 ut
709 1981 874 2082 λιθώδης
889 1988 1052 2079 lapideus
1240 1987 1285 2062 ἢ·

510 2116 602 2181 ειος,
630 2115 721 2184 quae
749 2090 1030 2182 possessivorum
1056 2090 1201 2182 proprie
1224 2088 1399 2183 significa-

408 2193 544 2263 tionem
559 2189 687 2277 habet,
714 2205 752 2263 ut
767 2188 987 2289 Ἡράκλειος.

725 2379 1075 2452 Diminutivum.

468 2533 778 2603 Diminutivorum
795 2532 1012 2602 masculinae
1029 2533 1300 2605 terminationes
1315 2547 1399 2605 sunt

562 2661 617 2706 ων
624 2687 640 2723 ,
666 2647 708 2703 ut
722 2632 899 2729 μωρίαν,
928 2635 1046 2704 morio

563 2738 628 2830 αξ,
654 2748 696 2805 ut
715 2732 850 2828 λίθαξ,
876 2736 1020 2827 lapillus

563 2860 669 2922 σκος,
696 2850 736 2907 ut
752 2834 1037 2933 ἀνθρωπίσκος,
1064 2835 1259 2910 homuncio

562 2944 645 3028 λος,
668 2952 709 3008 ut
724 2936 916 3025 ναυτίλος,
943 2955 1066 3012 nauta.

457 3041 712 3125 Foemininae,
734 3067 784 3126 ις,
812 3054 852 3111 ut
869 3038 1092 3137 θεραπαινίς

563 3167 650 3238 σκη,
678 3156 718 3213 ut
734 3141 931 3238 παιδίσκη,
959 3146 1099 3215 ancilla.

457 3247 699 3330 Neutrorum,
725 3273 827 3334 νιον,
853 3261 892 3317 ut
909 3245 1096 3343 ὀψώνιον,
1122 3246 1270 3316 coenula

561 3377 663 3443 κιον,
689 3362 730 3418 ut
745 3347 958 3445 μειράκιον,
988 3349 1270 3419 adolescentulus

563 3460 663 3538 λιον,
690 3449 952 3544 αἰελδύλλιον,
979 3452 1207 3543 imaguncula

592 3580 671 3639 ιον,
698 3566 739 3623 ut
755 3547 944 3649 ζωδφιον,
970 3556 1120 3624 bestiola

562 3582 666 3739 διον,
694 3667 735 3725 ut
748 3651 946 3750 κριοίδιον,
972 3658 1177 3728 caruncula.

459 3790 514 3859 De
547 3789 749 3859 verbalibus
784 3791 864 3859 vide
901 3792 939 3858 in
972 3790 1042 3859 fine
1062 3779 1289 3881 ¹regularium
1319 3811 1398 3857 ver-

409 3894 552 3964 borum.

793 4079 1017 4175 Genera

565 4230 804 4303 Masculinum
905 4225 1166 4327 ἀρσενικόν,δ.

564 4335 818 4406 Foemininum
905 4328 1075 4426 θηλυκόν
1081 4327 1140 4424 ,ἡ.

565 4440 755 4512 Neutrum.
906 4430 1105 4526 οὐδέτερον
1113 4426 1191 4521 ,τό.

567 4544 767 4614 Commune
904 4532 1083 4626 κοινόν,ὁ
1102 4531 1166 4606 καὶ
1183 4530 1218 4628 ἡ.

566 4645 819 4717 Promiscuum
908 4635 1108 4713 ἐπίκοινον.

514 4780 561 4850 Et
577 4782 673 4873 apud
691 4778 849 4848 Graecos
871 4769 963 4842 nibil
983 4774 1027 4842 de
1051 4768 1240 4863 generibus
1262 4770 1399 4860 praeci-

411 4888 530 4980 pitur,
557 4885 654 4978 quod
671 4879 969 4951 declinationibus
983 4886 1254 4967 cognoscantur.
1292 4872 1400 4965 Quod

413 4990 443 5060 si
462 4987 541 5081 quis
557 4985 707 5056 omnino
725 4996 760 5053 et
778 5004 948 5074 generum
972 4979 1114 5071 regulas
1138 4974 1314 5067 postulet,
1347 5000 1402 5045 se·

414 5104 546 5187 quatur
578 5091 713 5159 formas
744 5085 905 5155 Latinas.
971 5080 1012 5151 ln
1042 5107 1067 5153 α
1093 5078 1292 5149 foeminina
1318 5089 1402 5148 sunt

413 5206 557 5286 praeter
573 5190 751 5274 verbalia,
776 5190 814 5257 in
840 5216 864 5282 η
889 5185 1107 5266 foeminina,
1141 5180 1249 5252 etsie
1275 5181 1320 5250 de
1345 5205 1401 5249 re·

413 5295 533 5389 liquis.

449 5583 501 5642 75)
519 5577 698 5632 Inveniuntur
715 5603 751 5614 -
769 5576 891 5634 detero]
916 5569 958 5621 sio
977 5571 1061 5621 nutet.
1081 5568 1175 5632 tm,
1195 5565 1290 5628 lm,
1311 5560 1403 5629 15ης

487 5651 516 5703 ln
533 5650 615 5702 ttdttt.
631 5646 819 5706 1522-1511.
839 5646 867 5693 et
886 5640 960 5691 1515.
978 5641 1045 5689 naec
1062 5638 1172 5689 desunt.

982 445 1108 521 run.
1144 447 1259 519 unt..
1291 445 1495 521 scalpra
1526 444 1864 520 rnuonoolce
1980 403 2004 524 ’.

1655 617 1812 701 Casus,
2023 623 2172 701 πτῶσις.

1604 735 1857 806 Nominativus
1942 730 2179 832 ὃνομαστικὴ.

1604 837 1795 909 Genitivus
1948 831 2088 932 γενική.
2175 893 2177 900 .

1604 938 1757 1011 Dativus
1947 939 2087 1034 δοτική.

1602 1042 1834 1114 Accusativus
1945 1040 2139 1136 αἰτιατική.

1603 1142 1798 1215 Vocativus
1944 1142 2107 1238 κλητική.

1771 1326 2115 1397 Declinatio.

2193 1217 2244 1312 ᾧ

1554 1460 1724 1556 Quinque
1738 1476 1822 1535 sunt
1841 1465 1984 1535 ordines
2000 1464 2160 1534 Graecae
2175 1462 2437 1550 declinationis,

1452 1587 1543 1659 quos
1560 1564 1738 1656 simplices
1754 1590 1941 1651 vocamus,
1975 1580 2011 1636 et
2032 1591 2075 1637 ex
2098 1567 2223 1660 quinta
2241 1580 2438 1638 nascuntur

1452 1668 1597 1761 quidam
1616 1667 1760 1738 ordines
1774 1670 1938 1738 flectendi
1954 1673 2117 1755 nomina,
2143 1668 2437 1764 quaeContracta

1452 1781 1596 1839 vocant.
1622 1767 1715 1839 Nam
1727 1795 1807 1840 cum
1825 1772 1863 1839 in
1877 1772 2091 1865 quibusdam
2108 1771 2316 1841 nominibus
2332 1773 2447 1865 quin-·

1452 1882 1509 1939 tae
1535 1871 1784 1944 declinationis
1809 1874 2001 1944 continuae
2022 1875 2162 1945 vocales
2178 1874 2312 1943 faciant
2325 1897 2439 1944 κακο-

1452 1967 1622 2069 φιονίαν,
1649 1975 1766 2043 solent
1781 2000 1843 2045 eae
1860 1978 2000 2047 vocales
2024 1977 2179 2062 mutari,
2213 1975 2379 2065 concerpi
2401 1986 2436 2042 et

1452 2074 1591 2158 collidi,
1616 2100 1662 2144 ne
1680 2072 1798 2147 hiulca
1814 2079 1860 2148 sit
1873 2079 2134 2169 pronuntiatio.
2151 2131 2156 2141 .
2186 2076 2273 2148 lnde
2286 2076 2437 2145 nomina

1452 2178 1627 2271 quaedam
1646 2191 1829 2248 contracta
1845 2193 1994 2264 vocant,
2021 2180 2199 2251 servantia
2215 2180 2358 2273 quidem
2372 2201 2437 2246 na·

1451 2291 1569 2349 turam
1587 2282 1835 2351 declinationis
1858 2283 2023 2375 quintae,
2057 2283 2119 2352 sed
2143 2281 2272 2351 alicubi
2294 2294 2438 2351 mutan·

1451 2382 1500 2449 tia
1516 2378 1683 2451 nonnihil
1700 2395 1850 2474 propter
1864 2385 2067 2455 suaviorem
2089 2384 2436 2477 pronuntiationem.

1451 2483 1531 2576 Qua
1548 2485 1592 2552 de
1609 2508 1647 2553 re
1662 2485 1755 2553 inlra
1772 2486 1888 2577 plura.
2202 2487 2205 2496 '

1551 2602 1668 2673 Porro
1685 2603 1768 2697 quia
1794 2604 1991 2695 simplicem
2013 2628 2159 2674 casuum
2180 2603 2438 2673 formationem

1451 2703 1558 2772 etiam
1577 2707 1720 2796 linguae
1736 2708 1938 2798 proprietas
1953 2706 2134 2777 interdum
2149 2706 2286 2789 variat,
2312 2703 2438 2774 dehac

1451 2827 1595 2899 quoque
1610 2810 1805 2899 repetenda
1821 2810 1998 2901 quaedam
2016 2809 2156 2900 longius
2168 2807 2353 2891 videntur,
2375 2831 2439 2876 an-

1450 2919 1594 3001 tequam
1611 2911 1655 2977 ad
1671 2910 1765 2998 ipsas
1784 2910 2040 2979 declinationes
2057 2911 2242 2980 veniamus
2252 2909 2312 3005 ⁸⁰)

1771 3091 1836 3160 De
1861 3041 2131 3163 Dialectis.¹
2229 3105 2233 3110 '

1552 3225 1699 3323 Lata⁸¹)
1724 3228 1793 3300 fuit
1817 3228 1939 3321 regio,
1971 3254 2062 3325 quae
2090 3228 2261 3300 Graeciae
2288 3227 2436 3297 nomine

1451 3333 1634 3424 quondam
1665 3355 1769 3401 censa
1796 3346 1858 3402 cst.
1926 3331 2050 3428 ltaque
2085 3346 2120 3402 et
2153 3333 2272 3402 omnis
2297 3332 2437 3423 generis

1451 3433 1720 3526 disciplinarum
1747 3435 1923 3526 plurimos
1949 3437 2139 3529 scriptores
2166 3431 2302 3506 babuit.
2353 3433 2438 3502 Fuit

1452 3559 1536 3626 ergo
1563 3550 1598 3606 et
1624 3537 1809 3628 multiplex
1834 3538 2006 3632 loquendi
2033 3539 2126 3607 ratio
2154 3538 2234 3608 aliis
2263 3537 2437 3628 partibus.

1450 3636 1503 3707 Ea
1528 3639 1700 3735 loquendi
1726 3642 1928 3733 proprietas
1954 3637 2143 3723 διάλεκτος
2168 3666 2188 3710 a
2210 3638 2438 3734 Quintiliano

1450 3754 1692 3832 nuncupatur.
1744 3741 1960 3835 Discrepant
1974 3746 2116 3814 dialecti
2136 3770 2215 3814 curn
2230 3740 2438 3836 grammati-

1452 3843 1502 3911 cis
1527 3842 1796 3931 inflexionibus,
1836 3847 1989 3917 transitu
2022 3847 2228 3929 literarum,
2265 3844 2437 3913 varietate

1452 3960 1645 4031 tonorum,
1680 3963 1757 4019 turn
1793 3951 1853 4020 filo
1880 3952 2075 4034 orationis,
2116 3951 2214 4045 quod
2240 3947 2439 4040 genuinum

1437 4052 1581 4151 *cuique
1590 4051 1762 4122 Graeciae
1778 4053 1872 4145 parti
1890 4051 1985 4124 haud
2002 4078 2087 4122 raro
2103 4047 2357 4145 deprehendet,
2374 4048 2440 4140 qui

1452 4153 1499 4223 sit
1518 4156 1590 4222 acri
1606 4155 1751 4226 iudicio.
1804 4155 1893 4250 Quis
1911 4158 2005 4227 enim
2025 4156 2152 4250 Syram
2175 4154 2375 4223 orationem
2394 4151 2440 4220 ab

1452 4258 1569 4325 Attica
1585 4282 1660 4327 non
1684 4259 1927 4330 internoscat?
1957 4260 2063 4328 etiam
2086 4261 2115 4328 si
2130 4255 2257 4325 Atticis
2280 4252 2443 4342 coeperit

1453 4361 1506 4428 uti
1522 4360 1625 4452 Syria
1645 4363 1778 4451 figuris.
1827 4363 1896 4433 Sed
1923 4364 1967 4431 de
1995 4358 2062 4430 boc
2089 4361 2160 4429 alio
2187 4356 2266 4423 loco
2294 4367 2441 4445 agetur;

1453 4456 1511 4530 hic
1544 4465 1797 4567 grammaticps
1832 4466 2051 4534 variatarum
2079 4458 2282 4534 διαλέκτων
2309 4459 2439 4527 modos

1454 4569 1616 4636 observa.
1767 4560 1776 4571 ”

1554 4688 1692 4771 Attica,
1720 4689 1818 4758 cuius
1835 4710 1918 4757 usus
1933 4686 1970 4753 in
1987 4684 2134 4774 regione
2148 4680 2265 4750 Attica
2281 4681 2368 4761 suit,
2397 4703 2439 4747 ea

1453 4806 1506 4862 est
1539 4790 1821 4881 elegantissima,
1869 4801 1909 4858 ut
1941 4782 2115 4859 θάλαττα
2145 4810 2212 4877 pro
2246 4775 2440 4854 θάλασσα.

1453 4895 1529 4964 Hac
1555 4908 1640 4965 sunt
1664 4894 1738 4977 usi,
1768 4893 1830 4986 qui
1851 4887 2001 4961 Athenis
2026 4891 2199 4971 floruere,
2225 4879 2442 4954 Demosthe·

1451 5022 1536 5083 nes,
1560 4993 1820 5089 Aristophanes
1836 5009 1871 5064 et
1888 4994 2030 5064 caeteri.

1552 5115 1694 5201 Ionica,
1721 5115 1882 5208 proxima
1897 5109 2055 5193 Atthidi,
2079 5122 2119 5178 ut
2134 5132 2200 5200 pro
2216 5104 2300 5202 ὄρος
2314 5095 2444 5198 οὖρος,

1452 5216 1519 5290 bac
1535 5221 1713 5290 Homerus
1727 5218 1882 5287 maxime
1900 5239 1984 5286 usus
2000 5225 2063 5282 est.

1454 5382 1657 5396 ——--—-

1485 5458 1534 5524 ω)
1557 5459 1698 5510 Porro-
1714 5454 1882 5516 venienus]
1913 5448 1954 5502 sic
1983 5448 2068 5500 ttrite.
2088 5448 2161 5500 1512.
2179 5460 2237 5511 sqq.
2246 5461 2255 5508 3
2290 5442 2318 5491 in
2353 5445 2450 5498 uuirt.

1522 5528 1714 5578 ran—1541.
1732 5528 1839 5575 desunt.

1486 5630 1535 5690 81)
1553 5623 1637 5694 Lata]
1658 5628 1699 5678 stc
1710 5626 1796 5679 utute.
1811 5620 2001 5675 1522-1512.
2015 5630 2090 5679 sqq.;
2117 5616 2167 5667 Ed.
2183 5614 2258 5666 1518.
2277 5613 2385 5674 ample.
