5125 6525
254 460 333 540 sss
532 469 549 526 .·
592 418 1676 546 ··:··.-·.·r¹nn.nrr.scmr,ran1sromca.
1778 467 1780 473 ·
1900 471 1902 478 ·
2167 439 2301 530 ‘too

129 699 131 704 .
255 657 333 708 esse
346 632 563 704 Germaniae
579 618 890 727 tranquillitatem,
912 630 1126 701 Pannoniae
1142 643 1250 724 atque
1274 667 1279 720 q
1302 628 1448 720 dignam
1472 626 1542 697 isto
1562 623 1711 718 genere,
1750 637 1787 695 et
1808 622 1939 706 audio,
1972 626 2175 696 modestum
2199 628 2300 718 inge-

206 820 213 826 ·
258 734 382 807 Italiae
397 736 561 807 salutem.
1275 725 1280 852 ἰ
1302 731 1403 800 nium
1425 754 1516 800 esse:
1543 741 1664 797 tamen
1680 726 1709 799 si
1725 728 1805 821 quis
1819 726 1996 797 existimet
2014 726 2052 794 in
2070 730 2301 815 adolescente

361 838 409 906 At
433 850 556 907 contra
589 837 618 907 si
649 836 860 929 elegerimus
884 835 1105 928 Hispanum,
1142 860 1251 928 quam
1276 855 1280 928 j
1304 832 1460 926 conspici
1476 855 1579 923 posse
1596 856 1655 902 eas
1673 832 1842 912 virtutes,
1873 853 1965 925 quae
1982 829 2020 898 in
2035 855 2181 902 summo
2199 833 2299 925 prin-

262 952 365 1010 atrox
389 940 522 1009 bellum
548 940 746 1011 accendetis
765 941 803 1007 in
819 935 943 1021 Italia,
974 941 1021 1007 ad
1038 960 1252 1028 recuperan-
1276 931 1280 1000 l
1305 937 1382 1027 cipe
1407 936 1503 1003 orbis
1528 948 1711 1004 terrarum·
1730 956 1771 1001 ac
1797 934 1885 1001 duce
1908 932 2219 1024 praestantissimo
2243 960 2299 1005 re-

261 1045 347 1112 dum
372 1042 638 1113 Mediolanum!
688 1041 766 1113 Etsi
786 1053 904 1111 autem
928 1040 1057 1109 incerti
1076 1052 1159 1111 sunt
1182 1038 1253 1108 exi·
1277 1007 1281 1092 l
1305 1038 1517 1134 quiruntnr,
1549 1050 1656 1107 errat.
1718 1034 1820 1128 Opus
1842 1047 1895 1107 est
1918 1035 1999 1103 orbi
2021 1049 2205 1109 terrarum
2225 1038 2298 1132 pri·

261 1157 319 1215 tus
336 1145 531 1216 bellorum:
568 1159 688 1213 tamen
712 1157 752 1214 ut
774 1146 920 1212 tandem
943 1144 990 1213 sit
1013 1145 1157 1213 fortuna
1184 1138 1253 1209 Im·
1305 1166 1403 1210 mmn
1429 1139 1492 1208 tali
1515 1139 1697 1231 principe,
1724 1138 1786 1232 qui
1801 1136 1975 1230 sapientia
1996 1150 2032 1208 et
2048 1141 2299 1212 moderatione

259 1247 353 1342 perii
382 1248 565 1340 superior,
600 1248 661 1317 diu
683 1243 801 1316 trahet
822 1246 953 1316 bellum
981 1245 1181 1337 Hispanus,
1215 1256 1255 1314 ut
1278 1251 1282 1342 l
1306 1268 1367 1314 sua
1385 1243 1549 1311 emendet
1563 1240 1771 1313 Ecclesiam.
1823 1240 2012 1332 Sapienter
2026 1242 2122 1312 enim
2144 1243 2299 1337 Mogun·

261 1351 353 1422 solet
375 1351 581 1421 assiduitate
596 1340 758 1434 vincere,
786 1372 860 1417 non
877 1340 1038 1419 Achilleo
1057 1372 1157 1416 more
1170 1370 1254 1439 pro·
1278 1349 1282 1380 ¹
1306 1346 1402 1415 tinus
1423 1349 1468 1415 de
1490 1343 1664 1435 religione
1688 1356 1724 1412 et
1749 1347 1793 1414 de
1810 1343 2099 1436 impendentibus
2115 1344 2298 1418 Ecclesiae

263 1477 411 1545 perans,
445 1466 485 1522 ut
508 1447 592 1522 t'otis
613 1452 750 1523 viribus
773 1451 930 1521 dimicet.
989 1448 1126 1520 Interea
1152 1447 1254 1519 ltalia
1307 1448 1517 1518 tumultibus
1543 1448 1682 1518 locutus
1706 1460 1778 1529 est,
1813 1471 1967 1543 quorum
1991 1471 2113 1539 sparsa
2138 1463 2225 1520 sunt
2246 1473 2299 1519 se-

262 1555 459 1625 vastabitur·
475 1555 678 1625 crudeliter.
718 1556 793 1627 Nos
810 1555 974 1644 occupati
991 1556 1097 1624 rebus
1112 1551 1255 1638 Italicis,
1306 1552 1417 1620 mina.
1461 1550 1541 1621 Scio
1561 1562 1678 1620 autem
1699 1548 1832 1641 Regem
1850 1548 2078 1620 Franciscum
2094 1575 2170 1621 non
2185 1553 2301 1622 modo

171 1647 178 1660 ’
263 1655 420 1727 'l'urcam
454 1683 528 1726 non
558 1658 756 1748 poterimus
783 1681 917 1725 arcere.
976 1656 1074 1726 Haec
1095 1655 1254 1748 pericula
1306 1653 1478 1743 singulari
1499 1653 1707 1722 dexteritate
1729 1652 1882 1744 ingenii,
1913 1666 1947 1721 et
1966 1654 2151 1745 prudentia
2178 1654 2218 1723 in
2242 1656 2302 1725 iu·

264 1759 382 1829 nescio
409 1785 472 1830 cur
496 1772 751 1842 extenuentur,
793 1784 884 1852 quae
912 1761 958 1828 ad
985 1772 1100 1830 totum
1129 1759 1253 1842 orbem
1308 1757 1460 1826 dicando
1485 1757 1688 1847 praeditum
1713 1779 1803 1835 esse;
1841 1757 1902 1825 sed
1926 1756 2033 1825 etiam
2055 1759 2096 1826 de
2118 1756 2301 1848 religione

263 1875 442 1932 terrarum
457 1862 657 1953 pertinent,
682 1887 761 1932 cum
779 1885 798 1930 e
815 1861 959 1952 regione
976 1876 1050 1931 tam
1067 1860 1256 1954 diligenter
1308 1883 1388 1929 cum
1420 1858 1633 1930 doctissimis
1663 1855 1870 1930 hominibus
1898 1860 2010 1928 multa
2038 1858 2151 1929 solere
2174 1859 2302 1951 dispu-

265 1964 479 2054 colligantur
502 1977 538 2032 et
562 1965 825 2055 amplificentur
846 1964 1025 2056 pericula,
1052 1989 1144 2058 quae
1160 1960 1256 2034 Galli
1308 1974 1402 2044 tare,
1425 1962 1536 2031 multa
1555 1961 1671 2053 ipsum
1689 1962 1816 2053 legere.
1867 1960 1914 2030 Et
1932 1961 2098 2052 intelligit
2111 1957 2209 2031 hanc
2226 1986 2302 2032 esse

187 2149 191 2154 ι
265 2063 474 2135 'electionem
502 2066 666 2136 comitari
690 2068 879 2149 videntur,
905 2091 997 2160 quae
1018 2079 1138 2136 tamen
1157 2067 1256 2135 etle·
1307 2088 1486 2135 summam
1511 2065 1652 2133 laudem
1676 2064 1798 2155 magni
1820 2064 2013 2157 principis,
2047 2077 2188 2133 utnon
2212 2063 2301 2135 desit

195 2251 199 2256 Ι
266 2166 366 2236 viora
392 2182 427 2237 et
451 2169 586 2238 incerta
613 2183 707 2241 sunt.
758 2167 850 2239 Illud
874 2182 1009 2239 certum
1036 2182 1108 2252 est,
1134 2167 1256 2237 Italiae
1308 2179 1403 2236 recte
1418 2166 1686 2237 constituendae
1702 2165 1892 2237 Ecclesiae.
1945 2166 2084 2236 Deinde
2102 2161 2194 2236 hacc
2212 2179 2299 2235 tem-

265 2267 476 2341 horribilem
514 2272 716 2343 vastitatem
752 2269 958 2341 denuntiari
990 2272 1162 2341 electione
1195 2271 1258 2339 IIi-

266 2374 388 2466 spani;
419 2376 588 2455 ,futurum
619 2375 746 2457 etiam,
778 2388 818 2443 ut
840 2375 951 2445 'I'urci
973 2375 1109 2443 interea
1135 2373 1257 2465 oppri-

267 2490 368 2545 mant
386 2477 603 2548 Pannonias.
656 2473 755 2548 Nihil
772 2477 889 2545 dicam
912 2478 956 2545 de
974 2478 1070 2547 exitu
1085 2476 1170 2546 belli
1187 2474 1258 2545 lta·

266 2577 344 2661 lici,
377 2579 415 2645 in
441 2604 514 2674 qno
538 2580 567 2648 si
587 2577 711 2649 Gallus
735 2578 872 2662 vincet,
908 2593 983 2649 tum
1006 2604 1092 2648 vero
1114 2591 1258 2672 appetet

266 2680 456 2773 Neapolim
472 2694 508 2750 et
520 2682 670 2753 fortasse
683 2681 822 2751 Romae
839 2696 942 2773 coget
966 2682 1192 2774 pontificem,
1218 2693 1258 2751 nt

265 2796 428 2852 nostram
454 2784 663 2853 electionem
688 2787 879 2878 improbet.
940 2785 1092 2878 Qualem
1119 2797 1259 2875 tragoe-

268 2885 365 2953 diam
391 2909 431 2954 ea
454 2911 512 2956 res
532 2887 694 2977 paritura
719 2889 827 2959 esset!
880 2886 950 2957 Sed
974 2886 1094 2956 vincat
1115 2885 1259 2979 imperii

269 2988 435 3070 fortuna,
471 2988 558 3081 quid
585 2988 744 3059 accidet?
810 2989 962 3081 Hispani
996 2991 1168 3059 tenebunt
1189 2985 1259 3057 Ita·

268 3089 377 3174 liam,
402 3115 589 3186 nunquam
606 3093 710 3161 nobis
727 3093 914 3162 reddituri.
967 3091 1063 3162 Novi
1080 3117 1158 3161 eam
1175 3114 1259 3184 gen·

267 3205 360 3283 tem,
391 3194 557 3285 cupidam
578 3194 853 3276 dominationis;
883 3195 1008 3289 polypi
1024 3207 1127 3280 sunt,
1142 3225 1148 3245 ·
1161 3196 1259 3291 quod

267 3288 378 3387 hemel
393 3293 681 3389 prehenderunt,
706 3299 912 3394 extorqueri
934 3299 1002 3369 sibi
1027 3323 1101 3367 uon
1125 3298 1259 3369 sinunt.

269 3394 317 3468 Et
352 3424 431 3470 cum
465 3400 587 3471 Italiae
623 3400 843 3495 possessione
878 3403 1032 3471 retinere
1063 3399 1258 3493 Imperium

269 3497 497 3573 hauddubie
521 3505 653 3575 volent.
716 3505 800 3575 Non
826 3505 952 3574 divino
978 3505 1165 3598 equidem,
1198 3505 1258 3573 sed

167 3684 170 3690 Ι
237 3605 313 3675 ”de
342 3607 450 3676 rebus
479 3607 609 3677 suturis
641 3607 863 3678 coniecturas
891 3608 1019 3697 colligo
1043 3606 1259 3699 probabiles.

269 3707 376 3777 Nulla
403 3720 455 3776 est
478 3721 551 3776 tarn
569 3709 698 3800 ignava
713 3713 833 3792 natio,
860 3734 951 3803 quae
965 3710 995 3780 si
1009 3706 1108 3778 Italia
1126 3710 1259 3803 potire·

150 3862 153 3871 .
270 3823 350 3891 tur,
377 3810 473 3879 ultro
497 3835 637 3880 cessura
662 3825 763 3882 esset.
816 3812 975 3882 Tantum
995 3814 1114 3896 abest,
1146 3823 1258 3902 utge·

160 3963 166 3975 .
260 3935 338 3981 ‚nus
358 3907 548 3981 hominum
573 3913 801 3996 bellicosum,
834 3915 968 4004 gloriae
991 3927 1098 4009 atque
1116 3914 1259 4006 imperii

271 4013 438 4096 avidum,
473 4039 653 4097 cessurum
681 4016 782 4087 vobis
809 4017 1026 4088 existimetis.
1080 4014 1260 4088 Omnibus

269 4117 493 4208 temporibus
521 4119 632 4187 crevit
653 4115 723 4188 hoc
746 4122 853 4189 modo
878 4145 1028 4212 regnum
1050 4134 1086 4188 et
1108 4121 1260 4212 populo·

269 4212 349 4299 rum
376 4220 549 4314 potentia.
602 4218 900 4314 Carthaginenses
917 4224 1027 4294 semel
1045 4224 1205 4294 accersiti
1221 4224 1259 4291 in

268 4322 447 4407 Siciliam,
479 4338 601 4416 postea
631 4327 751 4394 multis
773 4327 920 4396 saeculis
945 4326 1074 4418 depelli
1098 4351 1172 4396 non
1195 4350 1258 4417 po·

270 4439 427 4498 tuerunt.
487 4427 557 4497 Sed
585 4439 708 4497 vetera
738 4427 878 4500 omitto.
938 4427 992 4497 Illi
1016 4430 1083 4519 ipsi
1106 4427 1259 4510 Turcae,

269 4555 361 4622 qnos
376 4532 449 4598 iam
464 4542 653 4621 tantopere
666 4532 921 4613 lormidamus,
943 4544 1134 4627 postquam
1150 4532 1259 4602 semel

270 4633 310 4699 in
332 4630 518 4723 Europam
543 4634 781 4718 traiecerunt,
825 4636 986 4706 accersiti
1008 4660 1028 4703 a
1053 4634 1259 4705 Constanti·

269 4734 484 4826 nopolitano
512 4733 751 4828 Imperatore,
794 4740 982 4831 progredi,
1015 4762 1090 4808 non
1118 4738 1258 4830 regredi

270 4850 393 4929 postea
414 4838 533 4908 statim
557 4841 678 4909 conati
700 4854 795 4910 sunt.
846 4841 917 4934 Ipsi
932 4841 1083 4934 IIispani
1101 4842 1259 4913 infinitas

268 4964 460 5013 aerumnas
494 4944 654 5035 perferre
687 4946 911 5026 maluerunt,
951 4970 1059 5039 quarn
1097 4947 1259 5015 deserere

266 5043 479 5136 Neapolim,
512 5071 620 5140 quam
655 5048 815 5118 accersiti
849 5049 964 5140 specie
991 5049 1187 5131 societatis,
1223 5061 1259 5118 et

267 5143 440 5219 Italorum
472 5172 541 5240 ope
570 5150 704 5233 adiuti,
735 5153 950 5243 redegerunt
969 5151 1007 5219 in
1030 5173 1131 5222 suam
1157 5163 1259 5242 pote·

268 5260 409 5321 statem.
468 5250 520 5321 Ita
550 5276 647 5323 nunc
677 5253 842 5338 invitati,
874 5255 988 5323 adiuti
1012 5281 1031 5322 a
1055 5254 1258 5337 Germanis,

168 5361 172 5366 '
267 5353 453 5446 potientur
476 5355 695 5426 Mediolano.
762 5356 884 5448 Quare
909 5382 1060 5439 censeo,
1085 5380 1160 5427 non
1184 5380 1257 5426 esse

267 5454 307 5525 in
337 5455 478 5527 ltaliam
510 5459 739 5528 adducendos
765 5459 956 5550 Hispanos.
1018 5458 1072 5529 De
1095 5460 1255 5551 ipsorum

266 5556 407 5652 Regum
422 5561 576 5653 ingeniis
589 5585 703 5652 pauca
719 5562 847 5632 dicam.
889 5563 965 5632 Etsi
981 5563 1076 5631 enim
1093 5562 1256 5633 existimo

265 5659 426 5735 indolem
447 5665 486 5734 in
502 5661 633 5735 Carolo
656 5666 703 5735 ad
721 5663 894 5736 iustitiam
916 5677 952 5735 et
967 5666 1164 5737 bonitatem
1182 5688 1257 5737 essa

1309 2293 1397 2362 pora
1413 2270 1603 2364 requirunt
1617 2273 1741 2341 ducem
1757 2270 1926 2360 peritum,
1952 2293 2085 2353 acrem,
2111 2281 2148 2339 et
2161 2268 2300 2338 felicem

1308 2371 1348 2439 in
1362 2373 1484 2443 armis.
1537 2372 1613 2441 IIac
1635 2375 1674 2441 in
1698 2398 1737 2443 re
1759 2396 1835 2441 non
1859 2373 2017 2442 indolem
2038 2373 2077 2439 in
2093 2370 2302 2455 francisco,

1308 2478 1370 2545 sed
1394 2487 1589 2565 spectatam
1616 2476 1686 2544 iam
1711 2476 1923 2545 industriam
1950 2475 2160 2566 praedicare
2176 2499 2300 2567 possu-

1309 2602 1401 2647 mus.
1453 2577 1569 2647 Nemo
1587 2579 1682 2647 enim
1698 2577 1877 2670 Regum⁴)
1893 2578 2134 2660 Gallicorum,
2163 2577 2300 2670 aliquot

1309 2678 1458 2750 saeculis
1476 2703 1533 2750 res
1549 2681 1654 2771 gessit
1670 2682 1837 2761 maiores,
1855 2680 2050 2777 etquidem
2067 2680 2199 2771 exigno
2215 2693 2302 2748 tem·

1310 2805 1411 2874 pore.
1470 2782 1632 2876 Cunsque
1656 2784 1763 2876 vulgo
1785 2784 1965 2852 tribuatur
1986 2782 2098 2852 Gallis
2123 2784 2300 2876 quaedam

1310 2884 1423 2952 animi
1449 2886 1635 2970 mollities,
1662 2889 1759 2980 quod
1780 2881 1947 2955 inchoata
1964 2886 2107 2977 negotia
2127 2886 2201 2956 cito
2216 2885 2302 2953 abii·

1311 3011 1390 3056 cere
1413 2988 1602 3071 dicuntur,
1640 2990 1669 3059 si
1696 2989 1800 3059 initio
1826 3013 1900 3058 non
1922 2988 2148 3082 responderit
2176 3012 2301 3058 eorum

1310 3091 1386 3182 spei
1400 3103 1565 3160 eventus:
1597 3087 1655 3160 hic
1670 3090 1747 3165 Rex
1766 3092 2002 3163 constantiam
2018 3115 2120 3161 suam
2141 3090 2182 3159 in
2198 3084 2302 3161 rebus

1311 3194 1475 3284 gerendis
1488 3194 1695 3278 declaravit,
1715 3220 1868 3290 cumque
1882 3195 2093 3266 diuturnum
2110 3205 2146 3262 et
2162 3191 2300 3265 varium

1310 3296 1443 3366 bellum
1471 3297 1507 3365 in
1531 3295 1691 3368 Insubria
1710 3299 1877 3389 gesserit,
1902 3323 1959 3369 res
1976 3311 2093 3368 tantas
2107 3299 2303 3390 praecipue

1311 3399 1384 3471 suis
1406 3400 1562 3470 consiliis
1583 3402 1809 3491 gubernavit.
1860 3401 1934 3472 Nec
1959 3401 2071 3471 deluit
2086 3401 2119 3469 ei
2144 3401 2302 3471 fortuna.

1311 3502 1427 3574 Nemo
1444 3503 1539 3573 enim
1558 3502 1762 3595 profligavit
1776 3505 1849 3574 ulla
1865 3504 2064 3586 memoria,
2089 3505 2176 3572 inde
2191 3526 2303 3597 usqne

1311 3629 1331 3674 a
1347 3603 1457 3690 Iulio,
1488 3606 1642 3677 maiores
1662 3619 1725 3676 aut
1742 3609 1919 3678 firmiores
1936 3606 2185 3676 Helvetiorum
2205 3630 2302 3675 exer-

1311 3708 1412 3779 citus.
1464 3707 1505 3777 In
1528 3705 1583 3780 his
1601 3709 1754 3801 negotiis
1776 3734 1856 3781 cum
1879 3712 2024 3780 fortuna
2048 3733 2165 3802 paene
2183 3708 2301 3779 indul·

1311 3834 1397 3902 gens
1420 3813 1457 3880 in
1486 3836 1566 3882 eum
1587 3813 1714 3894 luerit,
1739 3814 1955 3905 sperandum
1980 3824 2052 3896 est,
2077 3824 2114 3881 et
2129 3812 2299 3905 inposte-

1310 3938 1391 3984 rum
1422 3915 1498 3985 eins
1528 3915 1685 3985 consiliis
1710 3915 1828 3986 Deum
1861 3918 2056 3985 affuturum
2086 3915 2124 3983 in
2155 3912 2301 4007 Imperii

1310 4039 1398 4109 pace
1420 4019 1571 4101 tuenda,
1604 4031 1638 4086 et
1658 4018 1697 4086 in
1720 4019 1924 4090 defensione
1942 4019 2052 4088 totius
2064 4016 2300 4107 Reipublicae

1311 4116 1548 4192 Christianae.
1599 4120 1695 4213 Quid
1717 4122 1826 4213 igitur
1842 4123 2076 4192 anteleremus
2093 4119 2300 4188 adolescen-

1311 4235 1403 4307 tem,
1436 4225 1535 4294 cnius
1564 4223 1702 4294 indoles
1732 4229 1894 4295 nondum
1924 4225 2010 4294 satis
2028 4223 2207 4314 explorata
2231 4232 2299 4302 est,

1310 4320 1394 4396 huic
1414 4327 1524 4418 Regi,
1556 4327 1655 4397 cuins
1675 4327 1871 4419 sapientia,
1910 4327 2045 4411 virtus,
2077 4338 2114 4395 et
2138 4324 2302 4407 felicitas,

1310 4430 1349 4497 in
1369 4442 1451 4520 toga
1469 4444 1504 4499 et
1519 4432 1558 4498 in
1574 4429 1684 4500 armis
1699 4432 1840 4522 cognita
1858 4429 1935 4500 est?
1959 4430 2151 4501 Postremo
2168 4429 2300 4498 addam

1310 4528 1380 4602 hoc
1400 4557 1512 4603 unum
1539 4546 1812 4624 argumentum,
1842 4558 1915 4628 quo
1938 4534 2004 4604 etsi
2018 4533 2153 4602 latetur
2170 4554 2209 4603 se
2225 4554 2301 4600 mo-

1311 4636 1387 4705 veri
1403 4636 1657 4727 Moguntinus,
1686 4649 1807 4706 tamen
1828 4661 1895 4706 nos
1917 4639 2008 4707 bene
2025 4658 2174 4727 sperare
2192 4635 2299 4703 iubet.

1310 4738 1426 4810 Nullis
1456 4739 1575 4810 verbis
1605 4739 1675 4809 dici
1700 4753 1838 4832 potest,
1877 4748 2052 4833 qn'antnm
2078 4737 2233 4830 periculi
2256 4735 2301 4805 sit

1309 4841 1567 4935 Imperatorem
1585 4843 1706 4912 abesse
1723 4859 1820 4914 extra
1838 4842 2095 4925 Germaniam,
2123 4854 2159 4910 et
2174 4841 2222 4909 ita
2238 4839 2301 4906 ab·

1311 4970 1405 5029 esse,
1438 4959 1479 5017 ut
1508 4970 1583 5014 non
1613 4948 1755 5030 statim,
1788 4971 1868 5016 cum
1897 4970 1987 5037 opus
2009 4957 2081 5027 est,
2113 4962 2301 5013 accurrere

1310 5049 1433 5141 possit.
1484 5049 1581 5142 Quid
1601 5049 1682 5132 liet,
1707 5050 1737 5120 si
1755 5051 1811 5118 vel
1825 5049 1967 5119 'furcae
1988 5047 2108 5118 subito
2129 5044 2301 5139 irruptio·

1310 5176 1392 5221 nem
1416 5153 1565 5223 iecerint
1584 5153 1622 5221 in
1645 5152 1911 5236 Germaniam,
1941 5150 1996 5220 vel
2021 5149 2218 5220 seditiones
2240 5146 2301 5215 ali-

1310 5280 1402 5350 quae
1417 5257 1580 5326 orientur
1595 5256 1691 5325 inter
1705 5253 1910 5348 principes?
1960 5254 2062 5323 Utin
2080 5253 2199 5324 saevis
2215 5263 2300 5320 tern-

1310 5361 1505 5449 pestatibus
1521 5359 1623 5430 navis
1638 5360 1714 5430 sine
1727 5361 1988 5450 gubernatore,
2016 5361 2068 5425 ita
2085 5351 2300 5447 Respublica

1342 5619 1511 5747 nlppgulq]
1530 5624 1573 5675 no
1584 5624 1666 5674 rats.
1683 5623 1771 5690 ross,
1790 5622 1864 5676 raso.
1874 5637 1884 5685 ς
1901 5624 1985 5675 nanc.
2001 5621 2084 5673 rats..
2101 5620 2192 5685 raso,
2215 5619 2303 5685 nec,

1498 5704 1550 5755 Ψ
