5125 6525
1578 601 1791 671 Multi
1862 624 1877 653 1

584 435 676 517 11
1016 495 1059 508 ..
1120 479 1169 504 -.
1246 505 1253 512 ,
1384 489 1395 510 ,

737 606 1071 680 CLXXX.

1322 1269 1719 1341 Somnia.

1577 857 1804 929 Pauci
1842 654 1884 1227 Ξ
1941 856 2304 947 imperant

1581 1113 1773 1186 Bom

736 1418 1104 1495 CLXXXI.
1176 1415 1450 1490 Sathan
1493 1444 1866 1513 nunquam
1918 1428 2141 1489 cessat
2182 1412 2511 1486 homines

526 1528 908 1603 sollicitare
959 1540 1029 1595 et
1070 1547 1370 1606 vexare,
1462 1524 1561 1591 ita
1629 1534 1710 1592 ut
1765 1521 1980 1590 etiam
2042 1532 2261 1590 noctu
2313 1531 2384 1589 et
2436 1519 2513 1586 in

524 1630 798 1705 somnis
830 1641 1036 1698 vexet
1077 1626 1416 1719 inquietis
1462 1624 1760 1694 somniis
1810 1636 1881 1692 et
1930 1623 2355 1715 angoribus,
2409 1633 2514 1690 at-

527 1758 667 1829 que
701 1735 881 1801 adeo
915 1744 996 1800 ut
1032 1742 1263 1797 totum
1299 1751 1558 1818 corpus
1589 1726 1869 1797 diffluat
1909 1728 2291 1797 sudoribus
2335 1748 2511 1817 prae

526 1835 649 1904 illa
702 1834 926 1903 nimia
975 1829 1326 1921 angustia.
1444 1831 1555 1900 Ad
1603 1827 1780 1899 haec
1829 1830 2266 1899 dormientes
2315 1826 2512 1899 ducit

530 1950 729 2010 extra
789 1934 1111 2007 cubicula
1181 1933 1256 2001 in
1296 1935 1468 2028 loca
1505 1932 1924 2025 praecipitia
1973 1946 2044 2004 et
2085 1931 2510 2025 periculosa,

531 2066 714 2135 quos
744 2040 805 2111 si
850 2037 1086 2130 angeli
1131 2060 1282 2106 non
1331 2037 1811 2119 custodirent,
1882 2039 2219 2106 caderent
2265 2046 2336 2104 et
2387 2056 2511 2125 pe-

529 2144 782 2224 nitent.

1184 2324 1636 2393 Summum
1685 2322 1847 2395 ius.

735 2458 1135 2532 CLXXXII.
1203 2461 1519 2555 Quidam
1552 2462 1851 2530 molitor
1879 2458 2192 2531 habebat
2226 2462 2509 2533 asinum

529 2580 601 2637 et
631 2565 906 2648 vicinus
936 2564 1252 2655 piscator
1279 2560 1661 2655 scapham,
1722 2578 2025 2660 uterque
2070 2589 2220 2635 non
2267 2564 2514 2656 alliga·

524 2681 642 2740 rat
685 2692 838 2737 rem
890 2692 1118 2738 suam.
1253 2666 1442 2737 Casu
1492 2680 1729 2737 autem
1776 2668 2072 2753 accidit,
2150 2680 2232 2738 ut
2272 2669 2511 2739 asinus

526 2773 941 2843 ascenderet
985 2770 1063 2837 in
1108 2766 1491 2862 scapham,
1577 2795 1763 2863 quae
1809 2795 1939 2863 per
1980 2766 2174 2840 hunc
2231 2784 2508 2841 motum

527 2885 768 2946 amota
802 2885 946 2951 est;
1000 2871 1243 2942 asinus
1281 2896 1425 2943 una
1460 2897 1621 2943 cum
1655 2869 1918 2967 scapha
1956 2872 2194 2965 periit.
2274 2874 2513 2967 Quae-

480 3023 489 3028 -
526 2976 755 3058 ritur,
805 2988 962 3044 uter
995 2975 1296 3044 alterum
1334 2975 1491 3044 iure
1539 2999 1868 3045 accusare
1912 2971 2378 3068 potuerit'ffi),
2432 2978 2514 3052 ob

527 3084 641 3156 bet
674 3076 825 3167 &sel
859 3082 979 3153 ben
1012 3078 1180 3171 {ban
1213 3078 1363 3151 obet
1393 3082 1501 3151 bet
1535 3077 1702 3172 {ban
1734 3084 1852 3154 ben
1887 3076 2037 3174 &fel
2079 3081 2205 3172 bah
2250 3080 2513 3178 binmeg

522 3180 767 3281 gefiitt.
867 3182 1183 3276 Quidam
1217 3206 1301 3251 ex
1335 3181 1805 3254 assidentibus
1835 3182 2172 3254 dixerunt
2208 3208 2356 3256 esse
2403 3209 2515 3279 ca·
2561 3236 2562 3253 ἢ

515 3312 684 3381 sum
718 3285 1097 3357 fortuitum
1117 3339 1139 3370 ,
1193 3299 1262 3356 et
1293 3286 1635 3383 utrinque
1666 3288 2110 3382 negligenter
2136 3300 2508 3381 peccatum

527 3413 720 3474 esse,
800 3389 1046 3484 itaque
1104 3388 1340 3485 inquit
1385 3389 1509 3462 D.:
1596 3389 1976 3481 Summum
2025 3389 2137 3462 ius
2197 3415 2349 3483 non
2409 3404 2516 3464 est

524 3495 1079 3586 praestandum,
1131 3493 1256 3563 sed
1302 3494 1543 3584 potius
1594 3492 1959 3588 aequitas,
2027 3492 2129 3564 sic
2175 3507 2245 3563 et
2273 3486 2512 3565 Theo·

522 3594 673 3685 logi
710 3597 966 3664 docere
995 3595 1258 3663 debent
1288 3590 1659 3680 homines,
1717 3602 1842 3673 ὓαὸ
1893 3599 1992 3672 bie
2038 3598 2200 3683 [etitv
2228 3596 2395 3691 ηἰῷΐ
2433 3619 2513 3693 3¹⁸

528 3695 754 3790 mitid)
785 3695 939 3790 nod)
965 3717 1043 3787 ἆυ
1084 3697 1213 3791 δὸβ
1245 3701 1527 3771 methea.
1626 3697 1795 3769 ldeo
1839 3700 2230 3770 secundum
2268 3703 2512 3796 aequi-

527 3811 750 3868 tatem
786 3798 1029 3867 omnia
1056 3798 1441 3869 iudicanda
1478 3812 1649 3871 sunt
2196 3842 2207 3849 »

921 3910 1092 3977 Satist
1692 3928 1961 3969 sumnum
1983 3917 2073 3971 ius

547 3979 654 4040 ῦίιι
679 3976 857 4050 iunget
889 3913 1235 4115 {Theologus
1334 3917 1454 4117 {th
1479 3980 1635 4046 buten
1659 3915 1961 4117 {summ
1986 3985 2340 4040 sanctitatem

920 4050 1291 4115 Magistratus
1693 4065 1960 4108 eumn
1985 4056 2370 4110 obedientlam.

733 4225 1246 4297 Prudentia
1306 4231 1396 4297 in
1448 4229 1931 4301 ambienda
1979 4257 2289 4305 uxore.

735 4365 1170 4438 CLXXXIII.
1229 4357 1373 4438 Res
1402 4367 1614 4458 longe
1641 4369 2046 4461 miserrima
2093 4383 2198 4440 est
2245 4366 2512 4440 habere

525 4471 715 4541 vitae
748 4473 1018 4542 sociam
1053 4469 1351 4540 infidam
1402 4470 1855 4561 ignorantem
1923 4474 2048 4543 sed
2093 4472 2401 4542 scienter
2441 4485 2513 4542 et

523 4573 809 4667 publice
838 4575 1025 4643 ferre
1058 4574 1638 4645 molestissimum
1672 4585 1815 4660 est,
1868 4575 2050 4647 sicut
2095 4589 2400 4667 apparet
2434 4575 2512 4645 in

524 4698 850 4769 pavone,
924 4674 1088 4767 qui,
1170 4688 1251 4745 ut
1309 4678 1587 4760 ferunt,
1665 4679 1974 4749 similem
2035 4677 2149 4746 vel
2205 4678 2509 4755 rivalem
2541 4751 2544 4756 ,,

524 4778 713 4846 ferre
744 4776 1031 4872 nequit;
1078 4778 1384 4869 proinde
1432 4781 1492 4851 si
1537 4780 1617 4850 in
1660 4805 1846 4877 aqua
1882 4780 2269 4871 imaginem
2301 4806 2506 4854 suam
2544 4778 2548 4790 '

526 4878 878 4970 conspicit
909 4891 980 4948 et
1010 4902 1170 4949 eam
1200 4881 1549 4975 impedire
1594 4884 1886 4978 nequit,
1935 4907 2010 4954 se
2066 4884 2300 4976 ipsum
2344 4887 2509 4956 sub-

527 4982 812 5073 mergit.
945 4981 1214 5054 Moneo
1261 4986 1506 5083 itaq‘ue
1553 5011 1717 5070 eos,
1801 4987 1927 5081 qui
1990 5001 2387 5080 procantur
2441 5001 2515 5060 et

524 5109 786 5158 uxores
824 5086 1192 5173 ambiunt,
1242 5114 1333 5160 ne
1379 5103 1646 5159 temere
1691 5102 1913 5180 agant
1955 5090 2326 5162 affectibus
2364 5093 2514 5163 suis

524 5201 810 5259 tantum
877 5192 1389 5287 obsequentes,
1477 5195 1599 5262 sed
1642 5190 1878 5265 Deum
1926 5207 2179 5279 orent,
2258 5199 2387 5272 bob
2437 5191 2517 5286 ἰῇ

525 5290 672 5386 {ebt
732 5310 866 5369 von
927 5296 1194 5390 nfitben.
1321 5295 1688 5372 Acerbitas
1742 5300 2095 5392 quaedam
2151 5297 2231 5367 in
2282 5324 2511 5373 uxore

522 5395 819 5475 ferenda
853 5411 987 5472 est.
1076 5398 1081 5403 ’

590 5634 691 5696 ⁷0)
726 5635 1000 5702 potuerit]
1036 5634 1209 5688 (Σίνις
1260 5637 1439 5702 potuit

1649 397 1665 405 ’
1754 424 2002 504 pum.
2070 420 2299 498 MEL.
2368 367 2775 502 sciur'ra
2841 420 3379 498 ffls‘romeA.

2457 800 2558 870 ibi
2609 799 2919 892 dignitas
2972 796 3186 869 habe-

2509 915 2629 973 tur
2675 927 2808 996 pro

2563 3788 2564 3795 ¹
2619 3777 2867 3834 venter
2933 3765 3247 3837 Diaboli.

4455 421 4618 502 6⁷2

3342 594 3669 664 libertate
3692 645 3713 675 ,
3768 617 3956 686 quae
3985 593 4134 662 abit
4171 592 4245 660 in

3394 695 3782 765 licentiam.

3341 850 3598 942 opibus
3630 862 3700 919 et
3730 850 4135 919 nobilitate.

3349 1004 3656 1086 virtute,
3723 1017 3794 1072 et
3832 999 3973 1071 hoc
4019 1003 4246 1094 impe·

3382 1106 3571 1176 rium
3600 1119 3706 1177 est
3725 1107 4241 1176 felicissimum.

2616 1256 3071 1329 Diabolus
3126 1261 3816 1350 cognoscendus
3868 1285 3964 1329 ex
4019 1260 4612 1353 inspectione

3374 1360 3849 1455 Decalogi.

2823 1494 3289 1570 CLXXXHH.
3355 1498 3555 1570 Sicut
3588 1499 3784 1571 Deus
3831 1514 3938 1572 est
3986 1497 4204 1573 thesis
4233 1499 4615 1594 Decalogi‚

2617 1598 2718 1667 ita
2747 1595 3098 1672 Diabolus
3131 1615 3235 1672 est
3265 1598 3639 1673 antithesis
3666 1603 3818 1675 eius
3836 1656 3859 1686 ,
3912 1605 4009 1673 ita
4039 1604 4103 1675 si
4131 1605 4322 1675 voles
4355 1631 4614 1678 veram

2616 1702 3018 1793 imaginem.
3058 1728 3483 1794 agnoscere,
3545 1709 3909 1799 perpende
3961 1707 4330 1798 diligenter
4370 1706 4611 1778 Deca-

2617 1805 2885 1896 logum.
2911 1801 3296 1894 'E'ffliaboli
3340 1822 3555 1899 caput
3596 1822 3698 1879 est
3746 1811 4346 1901 contra'primam
4388 1813 4612 1882 tabu-

2615 1908 2805 1993 lam,
2855 1933 3119 2001 nempe
3159 1909 3320 1981 Deo
3369 1935 3520 1980 non
3571 1914 3965 1997 confidere,
4034 1913 4271 2005 ipsum
4316 1938 4470 1983 non
4517 1915 4612 1983 ti·

2618 2035 2855 2095 mere,
2902 2035 3054 2081 non
3103 2012 3441 2105 diligere,
3493 2037 3623 2085 nec
3667 2039 3916 2086 veram
3964 2016 4276 2107 gloriam·
4313 2016 4455 2109 ipsi
4498 2032 4611 2088 at-

2616 2113 2959 2187 tribuere.
3017 2112 3111 2185 ·In
3139 2119 3466 2194 secundo.
3487 2132 3872 2210 praecepto
3904 2121 4348 2211 comperitur
4363 2119 4638 2192 Demn‘

2561 2264 2562 2289 η
2615 2212 3267 2316 δίαερὶιειηετεπ),
3334 2234 3582 2298 contra
3629 2223 3863 2313 ipsum
3914 2245 4409 2309 murmurare,
4470 2247 4606 2294 no-

2618 2319 2814 2389 mine
2840 2320 2995 2392 eius
3021 2322 3328 2414 pessime
3358 2323 3580 2396 abuti.
3656 2321 3739 2394 In
3767 2325 3981 2394 tertio
4012 2339 4119 2396 est
4146 2337 4608 2419 contemptus

2618 2423 2860 2507 verbi,
2909 2425 3103 2496 nolle
3137 2427 3395 2496 audire
3428 2425 3662 2497 Deum
3707 2429 4124 2523 loquentem
4148 2433 4183 2512 ,'
4217 2431 4344 2500 sed
4388 2430 4626 2500 cavit--

2616 2525 2795 2609 lari,
2869 2526 3073 2600 illum
3141 2542 3598 2601 contemnere
3618 2583 3639 2615 ,
3715 2532 4052 2627 persequi
4110 2546 4183 2602 et
4243 2532 4602 2626 negligere

2617 2628 2985 2701 ministros
3017 2632 3262 2716 verbi,
3317 2634 3501 2703 adeo
3542 2647 3622 2705 ut
3662 2636 3852 2704 fame
3900 2649 4241 2728 pereant,
4307 2659 4606 2708 omnem

2616 2744 2988 2825 praeterea
3022 2735 3293 2807 cultum
3322 2734 3527 2807 flocci
3555 2741 3894 2829 pendere.
3996 2738 4323 2810 Secunda
4354 2740 4607 2810 tabula

2618 2835 2939 2906 continet
2990 2860 3250 2930 corpus
3296 2837 3613 2912 Diaboli.
3746 2840 3934 2913 Nam
3999 2854 4336 2936 quartum
4394 2866 4634 2934 prae··

2618 2951 2940 3032 ceptum,
3001 2955 3335 3033 parentes
3367 2956 3828 3014 contemnere
3848 2998 3869 3028 ,
3921 2945 4025 3016 eis
4054 2945 4249 3015 nolle
4283 2944 4610 3030 obedire,

2618 3066 2739 3111 eos
2772 3040 3035 3111 iniuria
3072 3045 3388 3128 afficere,
3442 3048 3828 3119 seditiones
3858 3061 4107 3117 contra
4143 3049 4609 3139 magistratus

2617 3169 2935 3229 movere,
2982 3159 3085 3218 est
3119 3160 3364 3238 pectus
3393 3148 3688 3219 Diaboli
3719 3151 4163 3222 dissolutum.
4235 3150 4607 3244 Quintum

2616 3260 3118 3342 praeceptum,
3180 3251 3540 3338 occidere,
3604 3254 3875 3339 odisse,
3939 3253 4182 3336 irasci,
4258 3253 4608 3325 omnibus

2615 3342 3267 3425 hominibus‘male
3317 3357 3542 3439 velle,
3610 3361 3962 3450 prodere,
4023 3357 4394 3441 invidere,
4461 3353 4605 3427 boc

2618 3466 2730 3527 est·
2747 3454 2970 3550 ipsius
3004 3458 3151 3528 cor.
3217 3463 3222 3467 ’
3268 3458 3601 3545 Sextum,
3654 3460 4086 3532 adulterium
4110 3516 4130 3545 ,
4181 3486 4332 3532 esse
4374 3461 4603 3530 forni-

2618 3571 2976 3645 catorem,
3060 3561 3455 3647 incestum,
3526 3565 3856 3649 mollem,
3923 3563 4417 3646 Sodomitum‚
4487 3563 4602 3632 in·

2619 3662 3144 3746 continentem,
3226 3664 3670 3757 impudicum
3740 3669 3980 3759 lingua
4047 3682 4119 3736 et
4177 3680 4410 3759 gestu,
4490 3677 4597 3736 est

3379 3769 3824 3861 Septimum,
3902 3773 4267 3841 neminem
4326 3772 4599 3851 iuvare,

2617 3866 2890 3938 cunctis
2939 3865 3358 4001 houfnibus
3416 3886 3541 3943 aut
3585 3875 3836 3943 fraude
3880 3898 4008 3944 sua
4052 3898 4314 3945 nocere
4364 3886 4492 3944 aut
4529 3871 4603 3941 vi

2616 3971 3071 4056 defraudari,
3144 3973 3562 4065 deglubere,
3643 3977 3903 4048 iniuste
3923 3975 4018 4072 ⁷⁸)
4067 3991 4278 4069 parta
4346 3978 4602 4047 confir·

2617 4098 2843 4157 mare,
2899 4099 3167 4179 merces
3192 4077 3630 4150 adulterinas
3666 4083 4001 4163 vendere,
4048 4074 4230 4151 haec
4253 4094 4419 4152 sunt
4448 4102 4602 4148 ma-

2616 4200 2752 4247 nus
2787 4188 2868 4267 et
2888 4182 3161 4269 ungues
3188 4179 3402 4251 illius.
3507 4180 3861 4252 Octavum
3884 4236 3905 4266 ,
3957 4185 4381 4264 detrectare,
4417 4182 4596 4250 infa-

2572 4310 2573 4313 ¹
2618 4285 2843 4363 m‘are,
2895 4278 3245 4366 cavillari,
3295 4284 3722 4354 calumniari
3757 4287 4073 4377 singula,
4124 4283 4302 4357 haec
4341 4299 4446 4358 est
4473 4308 4601 4353 vo·

2572 4430 2573 4435 ¹
2616 4381 2853 4453 luntas
2883 4384 3033 4454 eius
3054 4439 3075 4469 ‚
3128 4390 3253 4461 bae
3288 4383 3368 4474 ist
3395 4392 3521 4463 bae
3550 4386 3935 4484 fteunbtlid)
3968 4391 4133 4465 bilbt
4168 4396 4281 4466 διδ
4314 4388 4604 4484 teuffelss.

2616 4484 2826 4557 Nunc
2880 4486 3131 4578 fingito
3182 4488 3312 4557 tibi
3380 4503 3448 4560 te
3508 4492 3751 4562 videre
3790 4490 4159 4563 hominem
4211 4493 4605 4585 perditissi-

2618 4614 2815 4657 mum
2851 4603 2920 4659 et
2949 4591 3628 4684 desperatissimum,
3676 4600 3760 4671 bct
3789 4594 4017 4691 sibestu
4044 4604 4164 4673 ben
4194 4596 4420 4691 teuffel
4455 4599 4606 4672 ῑείδτ

2617 4688 2855 4786 baffio.
2961 4688 3287 4765 Christus
3332 4695 3535 4766 illum
3584 4700 3909 4790 depinxit
3954 4702 4403 4793 paucissimis
4449 4725 4604 4771 ver·

2572 4864 2573 4868 ,
2615 4797 2750 4880 bis,
2783 4798 3199 4867 mendacem
3232 4801 3603 4892 appellans
3636 4816 3884 4873 contra
3910 4806 4222 4897 primam
4252 4805 4604 4885 tabulam,

2618 4912 2689 4968 et
2750 4894 3187 4971 homicidam
3259 4918 3509 4974 contra
3572 4909 4001 4991 secundam,
4106 4909 4341 5000 primo
4401 4906 4603 4975 enim

2613 5001 2795 5072 falsa
2828 5002 3150 5089 disserit,
3202 5007 3381 5076 falso
3418 5009 3612 5079 cultu
3646 5003 3979 5081 homines
4011 5011 4170 5103 pios
4201 5012 4313 5082 die
4346 5022 4611 5080 noctu-

2620 5126 2761 5199 que
2820 5102 3192 5192 sollicitat,
3277 5122 3347 5179 et
3398 5102 3564 5207 quo3
3594 5124 3761 5183 sunt
3808 5109 4140 5186 homines
4186 5113 4611 5196 sanctiores,

2619 5232 2708 5279 eo
2751 5208 3059 5282 ferocius
3105 5214 3452 5303 exagitat,
3532 5212 3868 5307 tpeciosis
3913 5216 4223 5289 cultibus
4259 5216 4612 5300 alliciens,

2619 5310 2882 5406 quibus
2927 5313 3191 5386 avellat
3233 5341 3274 5384 a
3321 5315 3479 5387 Deo
3528 5331 3597 5387 et
3642 5342 3814 5389 vero
3852 5317 3990 5390 Dei
4029 5321 4249 5394 cultu.
4356 5321 4614 5394 Cultus

2688 5548 2788 5614 π)
2823 5551 3237 5616 tuapte-m]
3274 5555 3446 5608 com:
3495 5534 3879 5619 ριἰιριιο-ιη

2611 5655 2654 5669 --
2687 5636 2793 5700 as)
2825 5637 3062 5715 sitq-to]
3098 5639 3263 5694 σοις
3311 5643 3515 5694 inin-t·
