5125 6525
272 465 348 544 tot
434 456 437 460 ’
625 415 628 420 ’
900 461 1260 542 suntrauunra
1284 465 1352 539 an
1368 463 1671 539 'vonum-u
2249 469 2307 546 tu

268 665 406 736 ponere
425 640 583 710 Pontani
612 652 766 712 statuam
796 627 835 708 in
856 639 984 710 illustri
1009 640 1180 730 praetorii
1204 638 1259 710 sui
1285 701 1289 756 Ι
1312 641 1389 711 sine
1414 639 1599 708 mentione
1622 652 1802 712 certorum
1816 640 1957 708 dierum
1978 636 2153 721 dioecete
2176 643 2217 709 'se
2236 642 2305 712 irte-

268 746 350 814 loco
371 745 495 825 sitam,
527 740 778 830 ceuregnisui
798 742 1030 823 miraculum,
1061 733 1259 816 antefereu·
1312 743 1413 834 gruln
1440 766 1574 810 aornim
1591 741 1826 818 inmercum
1843 742 2052 824 inuasuros,
2079 745 2182 810 etin
2201 747 2303 817 indiis

269 851 355 917 dum
378 845 503 915 ceteris
527 844 705 912 beneficiis
729 844 895 912 fortunae
920 845 1100 914 omnibus.
1160 842 1259 914 Nilril
1312 868 1488 937 aquarum
1509 839 1691 923 fluctibns,
1717 844 2301 935 et··ventdrt'rmuprotellis¹diois·

212 963 214 968 ’
270 965 386 1041 neque
409 971 469 1016 rex
495 949 611 1014 lacere
635 946 773 1036 potuit,
806 971 879 1039 quo
904 949 1016 1038 magis
1032 947 1259 1038 significaret,
1311 959 1465 1028 clatum,
1499 947 1558 1013 vix
1589 948 1731 1014 tandem
1761 946 1966 1015 huhsidente
1995 947 2047 1014 im
2067 948 2302 1019 mium-e

269 1062 445 1144 quantum
468 1049 592 1116 virtuti
606 1049 760 1132 laceret,
793 1070 909 1141 neque
926 1048 1094 1119 Pontann
1112 1046 1259 1117 bonori-
1311 1048 1513 1141 quiescente
1543 1065 1647 1127 arca,
1686 1048 1792 1124 iussu·
1810 1046 1876 1114 Dei
1902 1048 2052 1126 eupillo:
2077 1050 2301 1120 diuturnos

267 1154 429 1223 licentius
450 1152 674 1239 contingere,
708 1150 961 1239 sapientissimi
986 1153 1078 1241 regis
1096 1163 1171 1219 tum
1186 1164 1259 1220 stu·
1311 1152 1417 1221 tristi·
1434 1172 1574 1227 carcere
1592 1150 1943 1238 ,egressumloitser'
1976 1149 2066 1220 ¹Sed
2095 1154 2302 1223 accuratini·

269 1257 351 1338 dio,
376 1268 453 1323 tum
472 1254 688 1323 testimonio.
727 1252 851 1343 Quare
867 1257 1089 1323 committere
1106 1277 1182 1321 non
1198 1255 1258 1319 de·
1312 1249 1529 1320 mam'addit
1555 1250 1737 1320 mensium
1755 1252 1955 1321 etudierum
1978 1256 2303 1340 cnnnrerntionen,

269 1360 414 1439 bemus,
454 1369 648 1446 utpurum
677 1356 841 1447 religiose
873 1357 1059 1425 videamur
1089 1357 1164 1450 eius
1191 1354 1258 1422 virl
1311 1380 1515 1435 recensens,
1549 1352 1703 1446 quodie
1730 1354 1861 1423 mensis
1886 1356 1932 1424 sit
1959 1377 2094 1424 aream
2127 1357 2303 1446 ingressu,

268 1471 502 1529 monumenta
519 1459 681 1538 coluisse,
708 1483 781 1551 quo
798 1456 889 1526 nibil
905 1460 943 1526 in
959 1460 1126 1527 universo
1146 1477 1258 1548 regno
1310 1481 1383 1551 quo
1414 1458 1470 1524 die
1503 1457 1633 1524 imbres
1666 1479 1769 1524 ruere
1796 1458 1999 1546 coeperint,
2048 1483 2132 1550 quo
2158 1460 2216 1527 die
2238 1485 2302 1528 arca

268 1565 496 1652 Aragaoum,
524 1564 620 1654 quod
643 1560 712 1630 illis
730 1561 951 1651 temporibus
967 1562 1256 1631 florentissimum
1309 1561 1446 1636 subluis
1471 1561 1648 1628 undarum
1672 1559 1807 1648 impetu
1826 1559 1983 1648 primum
2001 1559 2223 1644 fluctuaris,
2245 1588 2303 1655 qm

269 1677 347 1733 erat
361 1664 543 1745 omnium,
569 1687 630 1731 rex
647 1663 721 1751 ipse
735 1687 873 1732 summa
892 1665 1086 1753 sapientia,
1112 1664 1258 1731 virtute·
1310 1661 1819 1752 diesllltdiminutaeaquac,
1853 1663 2007 1753 quodie
2039 1687 2132 1730 arca
2158 1664 2304 1733 subruta

269 1789 340 1859 que
359 1765 560 1857 praeditus,
599 1766 727 1833 melius
752 1778 814 1834 aut
836 1767 1081 1836 admirabilius
1104 1765 1258 1835 extitisse
1310 1766 1378 1847 rit,
1405 1787 1476 1858 quo
1499 1761 2159 1852 dieipseeductusoxillisclaustris
2174 1765 2305 1835 Deose

255 1853 452 1938 ‚iudicavit
502 1864 593 1933 Vale
606 1864 884 1956 Vittembergac.
1310 1866 1479 1935 crificarit
1500 1857 1680 1960 σωτήρια,
1714 1876 1748 1932 et
1777 1865 1917 1956 signnm
1949 1868 2149 1956 acceperit
2177 1869 2304 1938 divbrae

366 2003 370 2012 ¹
787 2001 789 2006 ·
1310 1968 1575 2040 misericordiae
1590 1979 1624 2038 et
1642 1967 1777 2057 gratiae
1790 1961 1928 2048 Arcwu'
1943 1957 2170 2052 coelestem.
2205 2041 2207 2048 ,

301 2074 358 2132 No.
380 2070 413 2131 2
1052 2090 1129 2129 anno
1152 2068 1246 2130 taso.
1412 2070 1515 2137 Hanc
1545 2082 1616 2137 tam
1647 2072 1892 2160 scrupulosam
1923 2072 2084 2140 &snm
2113 2075 2307 2142 annotatio

416 2211 418 2216 -
499 2199 503 2214 ¹
554 2247 562 2262 .
620 2247 628 2262 ·
735 2161 760 2220 ²³
812 2246 820 2262 ‚
869 2229 873 2238 .
941 2209 945 2216 ·
996 2191 1013 2206 ¹·
1078 2248 1086 2264 ι
1223 2201 1253 2218 -·
1310 2197 1391 2238 nem
1426 2169 2071 2274 curexistiruqruusar‚patriar·,clr5q
2101 2189 2305 2267 ¹usurpatam

269 2291 303 2372 j
336 2242 589 2332 *Praefam
614 2267 661 2312 Μ
687 2245 819 2316 mm
848 2245 1169 2314 calendamm·
1304 2274 1436 2356 luisse,
1472 2274 1538 2343 uisi
1560 2269 1655 2366 quud
1679 2249 2015 2374 uoluer³il¹'pril'riir‘rrr
2047 2247 2307 2366 lllb'd'horreo

338 2376 480 2430 immiti
506 2375 536 2456 u
566 2374 671 2457 9⁸⁸¹!
700 2374 807 2423 ΕΜ
837 2377 1044 2457 “samm''
1075 2376 1257 2444 mmm
1309 2379 1394 2445 dum
1419 2375 1619 2469 excibpluru
1639 2376 1712 2443 lrelc
1732 2361 2308 2469 divinaeltlversuscddtt'mpto·
2339 2432 2340 2436 ,

374 2446 451 2510 colus
465 2445 616 2493 ltdttronern
630 2444 778 2508 principem
793 2455 858 2496 unm
874 2446 950 2497 tatu.
965 2446 1125 2496 stulterum
1142 2455 1168 2494 ι.
1184 2446 1256 2497 tout.
2339 2440 2340 2486 l

373 2511 426 2563 ἢ,
442 2507 528 2576 qum
546 2511 740 2573 pem-510,
761 2514 904 2572 mmm,
931 2517 1003 2562 teste
1019 2513 1107 2576 stylis
1125 2513 1155 2562 tu
1168 2511 1258 2563 cm.
1308 2503 1364 2547 rcs
1379 2481 1492 2559 verbi,
1516 2491 1551 2546 et
1563 2490 1791 2562 contumaces
1805 2457 2027 2574 pec‘dator'es,
2054 2483 2189 2551 deinde
2204 2482 2303 2550 etiem

372 2581 486 2661 nolon·
507 2580 677 2661 acaunum
703 2582 923 2631 uniuersum
951 2583 986 2631 aa
1005 2593 1030 2632 ι·
1052 2583 1143 2643 165οη
1172 2581 1257 2632 Μ
1308 2581 1548 2650 dulcissimum
1575 2580 1727 2669 ingentis
1740 2571 2015 2668 clementiae&
2038 2586 2305 2654 missiieoedlae

372 2650 479 2712 quiden
494 2661 602 2699 nonme
615 2652 698 2712 edita,
716 2650 924 2702 tueleutboue
941 2652 1098 2715 conscripta
1113 2652 1167 2715 est,
1186 2663 1256 2715 qua·
2276 2666 2281 2676 ·

372 2723 485 2782 propter
502 2720 528 2766 ιι.
542 2719 558 2766 ι.
579 2716 848 2772 existumabunt.
864 2719 1019 2786 Wsteaera.
1032 2732 1056 2770 a
1075 2721 1149 2770 test.
1165 2713 1256 2769 uetur.
1307 2682 1376 2751 Del
1401 2684 1599 2773 exemplum
1624 2684 1696 2751 suit
1717 2683 1868 2780 'posttrlt
1889 2664 2039 2775 simper
2059 2687 2302 2779 irs-conspecto

1309 2811 1401 2868 esse,
1428 2798 1486 2867 ut,
1511 2784 1650 2878 quoties
1672 2784 1725 2851 illi
1746 2785 2080 2859 diesuolv'cmihus
2097 2793 2203 2860 aubis
2219 2790 2300 2859 eeti-

322 2969 325 2974 .
421 2855 483 2986 Pe
511 2856 795 2925 militaiibus
823 2856 1103 2988 Calendff‘ii·
1307 2901 1411 2970 rent,
1444 2888 1511 2958 sibi
1534 2887 1570 2956 el
1589 2883 1778 2956 horribiles
1799 2889 1932 2978 poenas
1952 2890 2068 2982 'impii
2095 2895 2246 2975 mrlntll,¹
2270 2903 2298 2960 el

357 2981 549 3060 ¹Omnibus
566 2991 741 3059 aetatibus
757 2990 863 3078 vulgo
877 2990 958 3060 lasti
973 2991 1146 3079 propositi
1161 3006 1255 3076 saint,
1306 3014 1429 3060 rursus
1444 2990 1751 3070 conservationem
1770 3014 1810 3058 ac
1824 2985 2084 3063 liberatibbcnt
2103 2995 2298 3065 masadan

269 3089 428 3192 quinon
451 3093 589 3161 lantum
613 3092 697 3159 anui
721 3104 756 3159 et
783 3091 1252 3186 me'nsiut'ti'tlcsciiptionem
1307 3091 1644 3182 pusillaelioclesiae
1660 3090 1697 3158 in
1718 3093 1928 3162 memoriam
1949 3107 2188 3182 revocarent,
2217 3099 2296 3168 etio

265 3210 471 3271 accuratam
496 3194 769 3274 continuerunt,
792 3187 975 3286 sumptam
992 3220 1012 3262 a
1031 3196 1186 3268 motibus
1203 3199 1254 3267 lu·
1307 3196 1436 3262 timore
1457 3192 1524 3264 Dei
1551 3195 1730 3278 ¹viventes,
1768 3209 1835 3287 pro·
1857 3197 1916 3265 illa
1942 3197 2084 3270 snulma
2110 3200 2294 3289 clementia

269 3304 428 3382 minum,
461 3301 522 3369 sed
542 3300 647 3366 etiam
673 3294 839 3368 historias
863 3301 1034 3392 quasdam
1061 3299 1252 3390 insignium
1306 3296 1384 3367 Deo
1403 3296 1535 3388 gratlal
1551 3302 1714 3391 agerent,
1742 3310 1774 3366 et
1791 3299 1916 3385 insuis¹
1931 3303 2109 3372 aerumnis
2124 3300 2296 3374 omnibns

266 3405 520 3473 liberationum
554 3401 658 3469 certis
692 3401 865 3470 mensium
901 3403 1025 3471 diebus
1060 3403 1254 3493 adscriptas
1306 3398 1730 3491 si1·uileru'‘praesentiam
1758 3399 1828 3469 Dei
1855 3408 1892 3470 e't
1915 3408 2012 3494 optut
2037 3408 2221 3494 peterent,
2258 3417 2295 3474 et

205 3504 209 3515 ⁸
267 3503 491 3585 balurerunt,
527 3517 567 3572 ut
597 3505 729 3594 populo
759 3504 883 3572 talium
911 3505 1163 3574 beneficiorum
1187 3505 1253 3573 Dei
1306 3519 1399 3572 certa
1421 3505 1488 3571 lide
1507 3517 1709 3572 constanter
1728 3517 1965 3594 expectarent.

268 3609 440 3676 memoria
460 3606 651 3701 quotannis
669 3609 863 3675 eorundem
881 3608 1017 3676 dierum
1037 3632 1181 3677 recursu
1199 3633 1253 3676 re·
1408 3606 1540 3675 Moises
1558 3631 1700 3699 quoque
1717 3608 1959 3676 defensionem
1980 3610 2105 3700 populi
2126 3610 2166 3677 in
2184 3614 2291 3702 Aegy·

268 3721 474 3778 novaretur.
525 3707 581 3774 Sic
595 3708 709 3775 Adam
735 3734 813 3777 cum
838 3709 992 3777 breviter
1015 3711 1086 3779 suis
1104 3711 1253 3800 posteris
1305 3721 1367 3798 pto
1399 3712 1567 3778 adversus
1592 3709 1871 3780 crudelissimum
1898 3725 2120 3804 tyrannum,
2158 3725 2194 3780 et
2218 3715 2290 3781 edu·

269 3822 447 3900 exponere
460 3809 650 3898 potuisset,
676 3810 882 3878 universam·
897 3812 1021 3878 mundi
1038 3809 1266 3895 macblua·m,··
1289 3811 1459 3878 ctionem
1486 3825 1605 3878 tantae
1616 3846 1619 3857 ·
1630 3813 1868 3882 multitudinis
1884 3815 2172 3884 uetustissima
2194 3814 2290 3885 servi·

268 3927 303 3983 et
327 3938 382 3981 res
409 3935 532 3979 omues
556 3932 630 3976 non
652 3911 777 3990 simul,
821 3924 881 3978 aut
906 3916 1029 3979 eodem
1057 3926 1253 4001 momento,
1305 3926 1398 3995 tute,
1423 3915 1695 4006 patefactionem
1711 3915 1796 3983 item
1816 3915 1899 4005 legis
1915 3917 2062 3985 divinae
2087 3919 2127 3985 in
2149 3921 2289 3998 deserto,

262 4017 328 4086 sed
353 4012 479 4083 ordine
501 4013 656 4106 quodam
681 4025 715 4080 et
738 4013 957 4082 successione
980 4037 998 4081 a
1019 4013 1096 4083 Deo
1117 4018 1252 4087 crealtas
1305 4010 1539 4108 el„',quasdam
1573 4017 1659 4086 alias
1689 4018 1869 4087 mirandas
1896 4018 2135 4090 liberationes
2166 4019 2289 4113 pupuli,

267 4141 357 4207 esse:
394 4116 499 4184 etiam
527 4116 664 4183 dierum
686 4115 904 4183 mentionem
934 4116 1090 4198 addidit,
1124 4119 1252 4212 quibus
1304 4130 1481 4187 certorum
1506 4119 1645 4187 dierum
1670 4119 1802 4209 adiecta
1826 4121 2007 4237 mqntione
2032 4126 2081 4190 ad
2112 4124 2289 4214 posterita-

261 4216 416 4311 tiperum
447 4212 898 4307 varietatem'distiuguere
925 4220 1038 4289 voluit
1060 4221 1252 4315 ideo‘qud-
1274 4246 1279 4349 Ι
1304 4221 1605 4321 ίειιιμειιιειηὶειὶί.
1642 4214 1728 4315 Ωυί
1751 4204 2020 4327 ἰᾶερ’1ςυοφιις,
2058 4228 2163 4317 quod
2187 4223 2288 4297 homi-

264 4326 355 4417 que,
382 4333 422 4391 ut
438 4343 520 4391 suos
539 4333 701 4411 posteros
717 4323 946 4404 admoneret,
972 4336 1030 4404 ut,
1048 4325 1196 4416 ,quoties
1213 4325 1251 4393 iri
1274 4352 1278 4412 Ι
1303 4348 1388 4397 nuru
1409 4318 1589 4401 ·tanta'.est'
1602 4322 1814 4415 negligentia
1828 4306 2145 4416 etl‚igr'atitue‹i‘,“
2163 4343 2205 4405 ut
2219 4351 2289 4396 mos

265 4428 387 4494 eadem
407 4425 603 4514 septimana
623 4424 696 4493 dies
720 4425 825 4491 iidem
850 4438 1091 4510 recurrerent,
1119 4428 1250 4495 miran-
1274 4418 1278 4469 i
1303 4426 1440 4513 soleant
1473 4427 1633 4496 obliviscl
1651 4430 2196 4523 ·summop·umj·lltnellc'iorum·
2222 4431 2288 4510 nei,

265 4530 332 4596 dae
350 4527 540 4596 creationis
554 4523 620 4592 Dci
638 4529 932 4610 recordarentur,
960 4542 994 4597 et
1013 4552 1079 4618 pro
1104 4531 1250 4621 singulis
1302 4532 1417 4601 iussus
1430 4546 1511 4613 -est,
1546 4514 1748 4601 cunstitutis
1768 4531 1873 4605 certis
1902 4516 2030 4614 lestis-'i'
2058 4516 2196 4624 cogere
2213 4536 2289 4603 mul

264 4629 445 4722 operibus,
463 4654 554 4722 quae
570 4627 630 4696 illo
647 4630 704 4697 die
723 4631 883 4717 absoluta
897 4655 969 4700 esse
985 4631 1153 4721 legerent,
1172 4632 1249 4703 Deo
1303 4635 1513 4718 titudinem,
1552 4647 1593 4702 ut
1624 4629 2043 4704 harumlib'eratlonum
2078 4639 2286 4707 mernoriau

264 4732 384 4823 opifici
405 4734 536 4821 gratias
556 4745 719 4821 agerent,
746 4756 826 4804 cum
844 4733 1100 4824 intelligerent,
1128 4737 1248 4805 omnia
1302 4737 1495 4831 quotannis
1515 4737 1697 4808 recoleret.
1842 4816 1844 4821 ¹
1879 4814 1884 4829 ,
1974 4792 1998 4829 Η
2058 4802 2062 4817 ,
2150 4820 2153 4827 Ι

259 4835 321 4903 illa
338 4834 446 4905 solius
465 4830 619 4903 bominis
637 4859 739 4903 causa
759 4860 832 4904 esse
851 4837 1048 4914 elaborata;
1082 4839 1138 4919 die
1164 4864 1248 4909 vero
1405 4840 1502 4933 Quin
1534 4828 1570 4907 el
1594 4834 1832 4910 Etbnicorum
1857 4828 1936 4912 lasli
1966 4830 2218 4915 boulanium
2239 4841 2287 4914 be

261 4937 409 5007 Sabbati
433 4937 592 5005 oruuium
617 4938 868 5006 beneficiorum
887 4936 951 5007 Dei
974 4942 1182 5009 memoriam
1199 4943 1249 5012 si·
1299 4942 1455 5012 buerunt
1469 4944 1625 5034 signatas
1640 4942 1847 5014 festivitates
1859 4934 2037 5029 salmosa,
2057 4938 2165 5041 uisse
2182 4950 2287 5018 lamen

259 5043 337 5110 mul
355 5041 693 5130 complecterentur,
721 5052 754 5109 et
771 5041 863 5111 serio
881 5043 1089 5112 invocarent
1105 5070 1144 5112 ac
1160 5047 1248 5114 cele·
1301 5046 1397 5135 ipsae
1432 5045 1575 5140 qrsoque
1603 5048 1647 5113 ad
1671 5050 1950 5117 conservandam
1978 5052 2208 5120 memoriam
2231 5072 2289 5123 cer·

260 5143 408 5213 brareut
426 5142 554 5224 Derim,
574 5169 614 5211 ac
629 5143 823 5233 cogitautes
837 5146 990 5239 quietem
1009 5148 1150 5237 septimi
1165 5150 1248 5234 diei,
1300 5161 1419 5217 torum
1447 5147 1700 5218 beneficiorum
1727 5149 1796 5218 Dei
1822 5151 2002 5221 institutae
2027 5152 2207 5237 fluerunt3
2240 5154 2287 5225 sel

260 5247 391 5317 scirent
411 5260 546 5316 restare
570 5247 675 5312 aliam
701 5247 808 5315 vitam
835 5263 915 5340 post
938 5245 1151 5318 bancvitam
1170 5276 1248 5320 cor·
1300 5253 1406 5320 etiam
1424 5265 1690 5345 proposuerunt
1705 5254 1793 5323 alios
1809 5256 1981 5347 quosdam
2002 5253 2178 5347 insignes
2201 5280 2288 5330 even

256 5350 441 5441 poralem,
476 5370 568 5440 quae
597 5361 685 5416 esset
710 5351 828 5419 futura
859 5364 1026 5444 perpetua
1055 5354 1175 5447 quies,
1209 5356 1246 5422 in
1299 5368 1367 5435 tus,
1389 5381 1542 5448 quorum
1561 5355 1776 5445 cogitatione
1792 5381 1910 5427 annua
1926 5355 2146 5432 iudicarunt
2163 5364 2289 5456 sapien·

260 5465 403 5520 aeterna
421 5477 499 5519 cum
520 5450 596 5518 Deo
614 5453 799 5519 conditore
816 5458 1083 5526 cousuetudine.
1269 5504 1274 5553 t
1298 5470 1351 5527 tes
1377 5454 1539 5529 homines
1559 5458 1763 5549 imperitam
1793 5471 1829 5527 et
1852 5459 2067 5535 obliviosam
2097 5466 2291 5537 multitudi-

362 5553 421 5637 Sic
438 5550 541 5624 Nube
560 5555 730 5644 potuisset
745 5551 929 5623 historiam
948 5559 1073 5625 diluvii
1090 5559 1161 5629 suis
1184 5585 1247 5651 po·
1270 5562 1273 5632 l
1297 5584 1380 5628 nem
1404 5562 1448 5629 de
1473 5561 1609 5652 magnis
1630 5558 1735 5631 rebus
1756 5562 1891 5632 utiliter
1904 5564 2048 5631 moneri
2069 5590 2197 5658 posse.
2246 5569 2293 5640 Sit

259 5655 362 5724 eteris
381 5681 423 5724 eo
439 5658 563 5725 ordine
580 5658 792 5748 descriptam
810 5671 892 5751 post
905 5684 942 5729 se
958 5662 1180 5755 relinquere,
1207 5675 1248 5733 ut
1269 5638 1273 5697 Ι
1298 5664 1476 5734 cernimus
1495 5663 1533 5732 in
1550 5664 1648 5735 fastis
1665 5663 1871 5752 Ovidianis,
1896 5678 1932 5735 et
1952 5667 2115 5762 antiquo
2130 5673 2294 5745 Romans
