<?xml version="1.0" encoding="UTF-8"?>
<!DOCTYPE html PUBLIC "-//W3C//DTD XHTML 1.0 Transitional//EN"
    "http://www.w3.org/TR/xhtml1/DTD/xhtml1-transitional.dtd">
<html xmlns="http://www.w3.org/1999/xhtml" xml:lang="en" lang="en">
 <head>
  <title>
</title>
<meta http-equiv="Content-Type" content="text/html;charset=utf-8" />
  <meta name='ocr-system' content='tesseract 3.04.00' />
  <meta name='ocr-capabilities' content='ocr_page ocr_carea ocr_par ocr_line ocrx_word'/>
</head>
<body>
  <div class='ocr_page' id='page_1' title='image "./philippimelanth20melagoog_0324.png"; bbox 0 0 5125 6525; ppageno 0'>
   <div class='ocr_carea' id='block_1_1' title="bbox 257 435 336 507">
    <p class='ocr_par' dir='ltr' id='par_1_1' title="bbox 257 435 336 507">
     <span class='ocr_line' id='line_1_1' title="bbox 257 435 336 507; baseline 0 0"><span class='ocrx_word' id='word_1_1' title='bbox 257 435 336 507; x_wconf 78' lang='lat'>717</span> 
     </span>
    </p>
   </div>
   <div class='ocr_carea' id='block_1_2' title="bbox 261 605 1253 1337">
    <p class='ocr_par' dir='ltr' id='par_1_2' title="bbox 261 605 1253 1337">
     <span class='ocr_line' id='line_1_2' title="bbox 572 605 739 675; baseline 0.012 -2"><span class='ocrx_word' id='word_1_2' title='bbox 572 605 739 675; x_wconf 78' lang='lat' dir='ltr'><strong>Adfectus</strong></span> 
     </span>
     <span class='ocr_line' id='line_1_3' title="bbox 261 703 1105 778; baseline -0.004 0"><span class='ocrx_word' id='word_1_3' title='bbox 261 709 386 778; x_wconf 87' lang='lat' dir='ltr'>Bonus</span> <span class='ocrx_word' id='word_1_4' title='bbox 989 703 1105 775; x_wconf 89' lang='lat' dir='ltr'>Malus</span> 
     </span>
     <span class='ocr_line' id='line_1_4' title="bbox 571 805 696 877; baseline 0.016 -2"><span class='ocrx_word' id='word_1_5' title='bbox 571 805 696 877; x_wconf 85' lang='lat' dir='ltr'>Virtus</span> 
     </span>
     <span class='ocr_line' id='line_1_5' title="bbox 263 909 465 1003; baseline -0.015 -21"><span class='ocrx_word' id='word_1_6' title='bbox 263 911 358 1003; x_wconf 90' lang='lat' dir='ltr'>Erga</span> <span class='ocrx_word' id='word_1_7' title='bbox 376 909 465 979; x_wconf 88' lang='lat' dir='ltr'>alios</span> 
     </span>
     <span class='ocr_line' id='line_1_6' title="bbox 572 1006 710 1079; baseline -0.007 -2"><span class='ocrx_word' id='word_1_8' title='bbox 572 1006 710 1079; x_wconf 89' lang='lat' dir='ltr'>lustitia</span> 
     </span>
     <span class='ocr_line' id='line_1_7' title="bbox 573 1109 833 1181; baseline 0.004 -2"><span class='ocrx_word' id='word_1_9' title='bbox 573 1109 670 1179; x_wconf 86' lang='lat' dir='ltr'>Haec</span> <span class='ocrx_word' id='word_1_10' title='bbox 686 1110 833 1181; x_wconf 87' lang='lat' dir='ltr'>iustitia.</span> 
     </span>
     <span class='ocr_line' id='line_1_8' title="bbox 367 1242 1253 1337; baseline -0.007 -19"><span class='ocrx_word' id='word_1_11' title='bbox 367 1248 528 1332; x_wconf 82' lang='lat' dir='ltr'>Genera,</span> <span class='ocrx_word' id='word_1_12' title='bbox 563 1245 725 1337; x_wconf 78' lang='lat' dir='ltr'>Species,</span> <span class='ocrx_word' id='word_1_13' title='bbox 759 1258 793 1314; x_wconf 91' lang='lat' dir='ltr'>et</span> <span class='ocrx_word' id='word_1_14' title='bbox 816 1242 1024 1327; x_wconf 78' lang='lat' dir='ltr'>individua,</span> <span class='ocrx_word' id='word_1_15' title='bbox 1065 1244 1103 1313; x_wconf 90' lang='lat' dir='ltr'>in</span> <span class='ocrx_word' id='word_1_16' title='bbox 1135 1242 1253 1312; x_wconf 90' lang='lat' dir='ltr'>medio</span> 
     </span>
    </p>
   </div>
   <div class='ocr_carea' id='block_1_3' title="bbox 265 1344 1255 1543">
    <p class='ocr_par' dir='ltr' id='par_1_3' title="bbox 265 1344 1255 1543">
     <span class='ocr_line' id='line_1_9' title="bbox 265 1344 1254 1437; baseline -0.004 -17"><span class='ocrx_word' id='word_1_17' title='bbox 265 1351 507 1430; x_wconf 90' lang='lat' dir='ltr'>collocantur,</span> <span class='ocrx_word' id='word_1_18' title='bbox 533 1347 645 1418; x_wconf 89' lang='lat' dir='ltr'>latera</span> <span class='ocrx_word' id='word_1_19' title='bbox 667 1347 891 1417; x_wconf 85' lang='lat' dir='ltr'>differentiae</span> <span class='ocrx_word' id='word_1_20' title='bbox 906 1360 1094 1437; x_wconf 90' lang='lat' dir='ltr'>occupant.</span> <span class='ocrx_word' id='word_1_21' title='bbox 1145 1344 1254 1416; x_wconf 90' lang='lat' dir='ltr'>Vides</span> 
     </span>
     <span class='ocr_line' id='line_1_10' title="bbox 265 1449 1255 1543; baseline -0.005 -22"><span class='ocrx_word' id='word_1_22' title='bbox 265 1467 385 1523; x_wconf 88' lang='lat' dir='ltr'>autem</span> <span class='ocrx_word' id='word_1_23' title='bbox 410 1449 652 1520; x_wconf 77' lang='lat' dir='ltr'>circumscribi</span> <span class='ocrx_word' id='word_1_24' title='bbox 675 1449 896 1521; x_wconf 86' lang='lat' dir='ltr'>differentias</span> <span class='ocrx_word' id='word_1_25' title='bbox 912 1463 1115 1543; x_wconf 92' lang='lat' dir='ltr'>utcunque,</span> <span class='ocrx_word' id='word_1_26' title='bbox 1141 1473 1255 1542; x_wconf 91' lang='lat' dir='ltr'>quan-</span> 
     </span>
    </p>
   </div>
   <div class='ocr_carea' id='block_1_4' title="bbox 987 906 1136 997">
    <p class='ocr_par' dir='ltr' id='par_1_4' title="bbox 987 906 1136 997">
     <span class='ocr_line' id='line_1_11' title="bbox 987 906 1136 997; baseline -0.02 -21"><span class='ocrx_word' id='word_1_27' title='bbox 987 906 1080 997; x_wconf 87' lang='lat' dir='ltr'>Erga</span> <span class='ocrx_word' id='word_1_28' title='bbox 1101 929 1136 975; x_wconf 89' lang='lat' dir='ltr'>se</span> 
     </span>
    </p>
   </div>
   <div class='ocr_carea' id='block_1_5' title="bbox 266 1548 1255 1750">
    <p class='ocr_par' dir='ltr' id='par_1_5' title="bbox 266 1548 1255 1750">
     <span class='ocr_line' id='line_1_12' title="bbox 266 1548 1255 1648; baseline -0.004 -25"><span class='ocrx_word' id='word_1_29' title='bbox 266 1555 459 1648; x_wconf 91' lang='lat' dir='ltr'>doquidem</span> <span class='ocrx_word' id='word_1_30' title='bbox 478 1575 580 1623; x_wconf 90' lang='lat' dir='ltr'>veras</span> <span class='ocrx_word' id='word_1_31' title='bbox 592 1564 628 1622; x_wconf 91' lang='lat' dir='ltr'>et</span> <span class='ocrx_word' id='word_1_32' title='bbox 643 1553 847 1644; x_wconf 89' lang='lat' dir='ltr'>perspicuas</span> <span class='ocrx_word' id='word_1_33' title='bbox 862 1548 1020 1622; x_wconf 91' lang='lat' dir='ltr'>bominis</span> <span class='ocrx_word' id='word_1_34' title='bbox 1039 1562 1162 1642; x_wconf 87' lang='lat' dir='ltr'>captus</span> <span class='ocrx_word' id='word_1_35' title='bbox 1180 1574 1255 1620; x_wconf 91' lang='lat' dir='ltr'>non</span> 
     </span>
     <span class='ocr_line' id='line_1_13' title="bbox 267 1655 484 1750; baseline -0.014 -24"><span class='ocrx_word' id='word_1_36' title='bbox 267 1655 484 1750; x_wconf 90' lang='lat' dir='ltr'>adsequitur.</span> 
     </span>
    </p>
   </div>
   <div class='ocr_carea' id='block_1_6' title="bbox 513 1803 1011 1895">
    <p class='ocr_par' dir='ltr' id='par_1_6' title="bbox 513 1803 1011 1895">
     <span class='ocr_line' id='line_1_14' title="bbox 513 1803 1011 1895; baseline 0.006 -23"><span class='ocrx_word' id='word_1_37' title='bbox 513 1803 572 1873; x_wconf 90' lang='lat' dir='ltr'>De</span> <span class='ocrx_word' id='word_1_38' title='bbox 607 1804 1011 1895; x_wconf 88' lang='lat' dir='ltr'>praedicamentis.</span> 
     </span>
    </p>
   </div>
   <div class='ocr_carea' id='block_1_7' title="bbox 267 1921 1260 2527">
    <p class='ocr_par' dir='ltr' id='par_1_7' title="bbox 267 1921 1260 2527">
     <span class='ocr_line' id='line_1_15' title="bbox 369 1921 1255 1993; baseline -0.002 -1"><span class='ocrx_word' id='word_1_39' title='bbox 369 1921 504 1993; x_wconf 83' lang='lat' dir='ltr'>Eadem</span> <span class='ocrx_word' id='word_1_40' title='bbox 539 1947 581 1993; x_wconf 86' lang='lat' dir='ltr'>ex</span> <span class='ocrx_word' id='word_1_41' title='bbox 610 1946 731 1993; x_wconf 90' lang='lat' dir='ltr'>caussa</span> <span class='ocrx_word' id='word_1_42' title='bbox 767 1922 935 1993; x_wconf 91' lang='lat' dir='ltr'>videntur</span> <span class='ocrx_word' id='word_1_43' title='bbox 960 1922 1104 1993; x_wconf 82' lang='lat' dir='ltr'>ordines</span> <span class='ocrx_word' id='word_1_44' title='bbox 1134 1947 1255 1992; x_wconf 92' lang='lat' dir='ltr'>rerum</span> 
     </span>
     <span class='ocr_line' id='line_1_16' title="bbox 267 2025 1257 2119; baseline -0.001 -25"><span class='ocrx_word' id='word_1_45' title='bbox 267 2026 555 2119; x_wconf 91' lang='lat' dir='ltr'>praedicamenta</span> <span class='ocrx_word' id='word_1_46' title='bbox 571 2025 706 2107; x_wconf 87' lang='lat' dir='ltr'>vocari,</span> <span class='ocrx_word' id='word_1_47' title='bbox 734 2049 806 2118; x_wconf 92' lang='lat' dir='ltr'>quo</span> <span class='ocrx_word' id='word_1_48' title='bbox 825 2025 1042 2117; x_wconf 85' lang='lat' dir='ltr'>significetur</span> <span class='ocrx_word' id='word_1_49' title='bbox 1058 2026 1095 2093; x_wconf 95' lang='lat' dir='ltr'>in</span> <span class='ocrx_word' id='word_1_50' title='bbox 1113 2025 1163 2096; x_wconf 91' lang='lat' dir='ltr'>eis</span> <span class='ocrx_word' id='word_1_51' title='bbox 1179 2050 1257 2117; x_wconf 92' lang='lat' dir='ltr'>spe-</span> 
     </span>
     <span class='ocr_line' id='line_1_17' title="bbox 267 2127 1256 2221; baseline 0.001 -24"><span class='ocrx_word' id='word_1_52' title='bbox 267 2129 376 2210; x_wconf 90' lang='lat' dir='ltr'>ctari,</span> <span class='ocrx_word' id='word_1_53' title='bbox 402 2152 493 2221; x_wconf 90' lang='lat' dir='ltr'>quae</span> <span class='ocrx_word' id='word_1_54' title='bbox 510 2150 615 2196; x_wconf 84' lang='lat' dir='ltr'>voces</span> <span class='ocrx_word' id='word_1_55' title='bbox 631 2151 709 2195; x_wconf 90' lang='lat' dir='ltr'>cum</span> <span class='ocrx_word' id='word_1_56' title='bbox 730 2128 859 2220; x_wconf 90' lang='lat' dir='ltr'>quibus</span> <span class='ocrx_word' id='word_1_57' title='bbox 878 2141 959 2219; x_wconf 90' lang='lat' dir='ltr'>apte</span> <span class='ocrx_word' id='word_1_58' title='bbox 982 2127 1152 2219; x_wconf 91' lang='lat' dir='ltr'>coniungi</span> <span class='ocrx_word' id='word_1_59' title='bbox 1175 2151 1256 2220; x_wconf 91' lang='lat' dir='ltr'>pos·</span> 
     </span>
     <span class='ocr_line' id='line_1_18' title="bbox 267 2229 1258 2325; baseline -0.002 -23"><span class='ocrx_word' id='word_1_60' title='bbox 267 2232 359 2313; x_wconf 90' lang='lat' dir='ltr'>sint,</span> <span class='ocrx_word' id='word_1_61' title='bbox 402 2254 493 2323; x_wconf 91' lang='lat' dir='ltr'>quae</span> <span class='ocrx_word' id='word_1_62' title='bbox 534 2229 654 2320; x_wconf 90' lang='lat' dir='ltr'>inepte</span> <span class='ocrx_word' id='word_1_63' title='bbox 690 2229 975 2320; x_wconf 87' lang='lat' dir='ltr'>coniungantur,</span> <span class='ocrx_word' id='word_1_64' title='bbox 1015 2244 1121 2325; x_wconf 90' lang='lat' dir='ltr'>atque</span> <span class='ocrx_word' id='word_1_65' title='bbox 1155 2234 1258 2314; x_wconf 91' lang='lat' dir='ltr'>adeo,</span> 
     </span>
     <span class='ocr_line' id='line_1_19' title="bbox 268 2331 1259 2427; baseline 0.001 -25"><span class='ocrx_word' id='word_1_66' title='bbox 268 2355 361 2427; x_wconf 91' lang='lat' dir='ltr'>quae</span> <span class='ocrx_word' id='word_1_67' title='bbox 383 2335 427 2401; x_wconf 91' lang='lat' dir='ltr'>de</span> <span class='ocrx_word' id='word_1_68' title='bbox 450 2331 579 2426; x_wconf 91' lang='lat' dir='ltr'>quibus</span> <span class='ocrx_word' id='word_1_69' title='bbox 601 2332 801 2422; x_wconf 88' lang='lat' dir='ltr'>praedicari</span> <span class='ocrx_word' id='word_1_70' title='bbox 819 2333 976 2422; x_wconf 89' lang='lat' dir='ltr'>possint,</span> <span class='ocrx_word' id='word_1_71' title='bbox 1003 2346 1066 2402; x_wconf 89' lang='lat' dir='ltr'>aut</span> <span class='ocrx_word' id='word_1_72' title='bbox 1084 2357 1160 2402; x_wconf 94' lang='lat' dir='ltr'>non</span> <span class='ocrx_word' id='word_1_73' title='bbox 1177 2358 1259 2425; x_wconf 89' lang='lat' dir='ltr'>pos·</span> 
     </span>
     <span class='ocr_line' id='line_1_20' title="bbox 268 2433 1260 2527; baseline -0.001 -21"><span class='ocrx_word' id='word_1_74' title='bbox 268 2435 351 2506; x_wconf 89' lang='lat' dir='ltr'>sint.</span> <span class='ocrx_word' id='word_1_75' title='bbox 401 2434 496 2505; x_wconf 90' lang='lat' dir='ltr'>Nam</span> <span class='ocrx_word' id='word_1_76' title='bbox 519 2456 626 2524; x_wconf 90' lang='lat' dir='ltr'>supra</span> <span class='ocrx_word' id='word_1_77' title='bbox 643 2433 812 2527; x_wconf 58' lang='lat' dir='ltr'>“quinque</span> <span class='ocrx_word' id='word_1_78' title='bbox 834 2433 980 2505; x_wconf 89' lang='lat' dir='ltr'>vocibus</span> <span class='ocrx_word' id='word_1_79' title='bbox 996 2447 1178 2505; x_wconf 90' lang='lat' dir='ltr'>ostensum</span> <span class='ocrx_word' id='word_1_80' title='bbox 1195 2445 1260 2517; x_wconf 89' lang='lat' dir='ltr'>est,</span> 
     </span>
    </p>
   </div>
   <div class='ocr_carea' id='block_1_8' title="bbox 268 2530 1288 2630">
    <p class='ocr_par' dir='ltr' id='par_1_8' title="bbox 268 2530 1288 2630">
     <span class='ocr_line' id='line_1_21' title="bbox 268 2530 1288 2630; baseline -0.004 -23"><span class='ocrx_word' id='word_1_81' title='bbox 268 2535 421 2629; x_wconf 89' lang='lat' dir='ltr'>speciem</span> <span class='ocrx_word' id='word_1_82' title='bbox 447 2560 527 2604; x_wconf 91' lang='lat' dir='ltr'>cum</span> <span class='ocrx_word' id='word_1_83' title='bbox 552 2557 680 2624; x_wconf 80' lang='lat' dir='ltr'>genere</span> <span class='ocrx_word' id='word_1_84' title='bbox 701 2530 913 2620; x_wconf 87' lang='lat' dir='ltr'>cohaerere,</span> <span class='ocrx_word' id='word_1_85' title='bbox 944 2532 1003 2605; x_wconf 88' lang='lat' dir='ltr'>hic</span> <span class='ocrx_word' id='word_1_86' title='bbox 1019 2536 1057 2606; x_wconf 94' lang='lat' dir='ltr'>in</span> <span class='ocrx_word' id='word_1_87' title='bbox 1074 2538 1260 2630; x_wconf 89' lang='lat' dir='ltr'>praedica·</span> <span class='ocrx_word' id='word_1_88' title='bbox 1283 2541 1288 2613; x_wconf 86' lang='grc' dir='ltr'>ξ</span> 
     </span>
    </p>
   </div>
   <div class='ocr_carea' id='block_1_9' title="bbox 269 2637 1258 2729">
    <p class='ocr_par' dir='ltr' id='par_1_9' title="bbox 269 2637 1258 2729">
     <span class='ocr_line' id='line_1_22' title="bbox 269 2637 1258 2729; baseline 0.001 -24"><span class='ocrx_word' id='word_1_89' title='bbox 269 2638 412 2721; x_wconf 87' lang='lat' dir='ltr'>mentis,</span> <span class='ocrx_word' id='word_1_90' title='bbox 438 2659 608 2729; x_wconf 84' lang='lat' dir='ltr'>generum</span> <span class='ocrx_word' id='word_1_91' title='bbox 628 2661 669 2705; x_wconf 88' lang='lat' dir='ltr'>ae</span> <span class='ocrx_word' id='word_1_92' title='bbox 684 2637 895 2728; x_wconf 84' lang='lat' dir='ltr'>specierum,</span> <span class='ocrx_word' id='word_1_93' title='bbox 923 2651 959 2708; x_wconf 90' lang='lat' dir='ltr'>et</span> <span class='ocrx_word' id='word_1_94' title='bbox 974 2638 1258 2709; x_wconf 86' lang='lat' dir='ltr'>differentiarum</span> 
     </span>
    </p>
   </div>
   <div class='ocr_carea' id='block_1_10' title="bbox 764 413 1786 503">
    <p class='ocr_par' dir='ltr' id='par_1_10' title="bbox 764 413 1786 503">
     <span class='ocr_line' id='line_1_23' title="bbox 764 413 1786 503; baseline -0.002 0"><span class='ocrx_word' id='word_1_95' title='bbox 764 429 840 503; x_wconf 88' lang='lat' dir='ltr'>vn.</span> <span class='ocrx_word' id='word_1_96' title='bbox 892 428 1259 503; x_wconf 81' lang='lat' dir='ltr'>counannnnn</span> <span class='ocrx_word' id='word_1_97' title='bbox 1285 423 1598 500; x_wconf 79' lang='lat' dir='ltr'>manacncas</span> <span class='ocrx_word' id='word_1_98' title='bbox 1622 413 1786 502; x_wconf 77' lang='lat' dir='ltr'>narro.</span> 
     </span>
    </p>
   </div>
   <div class='ocr_carea' id='block_1_11' title="bbox 2217 433 2291 510">
    <p class='ocr_par' dir='ltr' id='par_1_11' title="bbox 2217 433 2291 510">
     <span class='ocr_line' id='line_1_24' title="bbox 2217 433 2291 510; baseline 0.014 -1"><span class='ocrx_word' id='word_1_99' title='bbox 2217 433 2291 510; x_wconf 82' lang='lat' dir='ltr'>tta</span> 
     </span>
    </p>
   </div>
   <div class='ocr_carea' id='block_1_12' title="bbox 1305 596 2355 2306">
    <p class='ocr_par' dir='ltr' id='par_1_12' title="bbox 1305 596 2355 2306">
     <span class='ocr_line' id='line_1_25' title="bbox 1307 596 2294 703; baseline 0.008 -35"><span class='ocrx_word' id='word_1_100' title='bbox 1307 623 1511 670; x_wconf 76' lang='lat' dir='ltr'>caussarum</span> <span class='ocrx_word' id='word_1_101' title='bbox 1528 612 1563 669; x_wconf 91' lang='lat' dir='ltr'>et</span> <span class='ocrx_word' id='word_1_102' title='bbox 1576 596 1774 670; x_wconf 91' lang='lat' dir='ltr'>thematum</span> <span class='ocrx_word' id='word_1_103' title='bbox 1791 600 1947 671; x_wconf 85' lang='lat' dir='ltr'>civilium</span> <span class='ocrx_word' id='word_1_104' title='bbox 1963 602 2208 703; x_wconf 74' lang='lat' dir='ltr'>adornant”),</span> <span class='ocrx_word' id='word_1_105' title='bbox 2227 631 2294 676; x_wconf 90' lang='lat' dir='ltr'>un·</span> 
     </span>
     <span class='ocr_line' id='line_1_26' title="bbox 1305 705 2294 799; baseline 0.007 -29"><span class='ocrx_word' id='word_1_106' title='bbox 1305 705 1350 771; x_wconf 89' lang='lat' dir='ltr'>de</span> <span class='ocrx_word' id='word_1_107' title='bbox 1365 705 1581 794; x_wconf 79' lang='lat' dir='ltr'>depromts&#39;nt</span> <span class='ocrx_word' id='word_1_108' title='bbox 1595 716 1805 792; x_wconf 88' lang='lat' dir='ltr'>argumenta</span> <span class='ocrx_word' id='word_1_109' title='bbox 1823 705 2036 799; x_wconf 82' lang='lat' dir='ltr'>figurasque,</span> <span class='ocrx_word' id='word_1_110' title='bbox 2062 720 2138 777; x_wconf 92' lang='lat' dir='ltr'>tum</span> <span class='ocrx_word' id='word_1_111' title='bbox 2153 720 2294 778; x_wconf 90' lang='lat' dir='ltr'>senten-</span> 
     </span>
     <span class='ocr_line' id='line_1_27' title="bbox 1306 806 2296 889; baseline 0.005 -16"><span class='ocrx_word' id='word_1_112' title='bbox 1306 806 1437 873; x_wconf 90' lang='lat' dir='ltr'>tiarum</span> <span class='ocrx_word' id='word_1_113' title='bbox 1467 817 1543 873; x_wconf 89' lang='lat' dir='ltr'>tum</span> <span class='ocrx_word' id='word_1_114' title='bbox 1572 806 1785 889; x_wconf 89' lang='lat' dir='ltr'>verborum,</span> <span class='ocrx_word' id='word_1_115' title='bbox 1815 806 1863 873; x_wconf 90' lang='lat' dir='ltr'>ita</span> <span class='ocrx_word' id='word_1_116' title='bbox 1894 807 2099 880; x_wconf 90' lang='lat' dir='ltr'>dialecticus</span> <span class='ocrx_word' id='word_1_117' title='bbox 2127 810 2296 880; x_wconf 76' lang='lat' dir='ltr'>instruxit</span> 
     </span>
     <span class='ocr_line' id='line_1_28' title="bbox 1306 904 2295 1002; baseline 0.009 -29"><span class='ocrx_word' id='word_1_118' title='bbox 1306 907 1403 976; x_wconf 88' lang='lat' dir='ltr'>locos</span> <span class='ocrx_word' id='word_1_119' title='bbox 1425 931 1507 977; x_wconf 89' lang='lat' dir='ltr'>suos</span> <span class='ocrx_word' id='word_1_120' title='bbox 1522 904 1589 1002; x_wconf 82' lang='lat'>¹⁴),</span> <span class='ocrx_word' id='word_1_121' title='bbox 1624 908 1686 1001; x_wconf 91' lang='lat' dir='ltr'>qui</span> <span class='ocrx_word' id='word_1_122' title='bbox 1709 907 1937 1001; x_wconf 82' lang='lat' dir='ltr'>suppeditent</span> <span class='ocrx_word' id='word_1_123' title='bbox 1959 934 2079 980; x_wconf 90' lang='lat' dir='ltr'>rerum</span> <span class='ocrx_word' id='word_1_124' title='bbox 2102 910 2295 995; x_wconf 87' lang='lat' dir='ltr'>finitiones,</span> 
     </span>
     <span class='ocr_line' id='line_1_29' title="bbox 1306 1008 2295 1102; baseline 0.006 -29"><span class='ocrx_word' id='word_1_125' title='bbox 1306 1008 1344 1074; x_wconf 91' lang='lat' dir='ltr'>in</span> <span class='ocrx_word' id='word_1_126' title='bbox 1360 1013 1481 1079; x_wconf 79' lang='lat' dir='ltr'>caussa</span> <span class='ocrx_word' id='word_1_127' title='bbox 1497 1020 1617 1078; x_wconf 88' lang='lat' dir='ltr'>exacte</span> <span class='ocrx_word' id='word_1_128' title='bbox 1634 1022 1670 1078; x_wconf 86' lang='lat' dir='ltr'>et</span> <span class='ocrx_word' id='word_1_129' title='bbox 1686 1010 1833 1102; x_wconf 88' lang='lat' dir='ltr'>proprie</span> <span class='ocrx_word' id='word_1_130' title='bbox 1852 1014 2058 1096; x_wconf 89' lang='lat' dir='ltr'>tractanda,</span> <span class='ocrx_word' id='word_1_131' title='bbox 2085 1023 2121 1082; x_wconf 90' lang='lat' dir='ltr'>et</span> <span class='ocrx_word' id='word_1_132' title='bbox 2143 1012 2181 1080; x_wconf 92' lang='lat' dir='ltr'>in</span> <span class='ocrx_word' id='word_1_133' title='bbox 2203 1012 2295 1083; x_wconf 89' lang='lat' dir='ltr'>iudi·</span> 
     </span>
     <span class='ocr_line' id='line_1_30' title="bbox 1307 1106 2297 1207; baseline 0.003 -30"><span class='ocrx_word' id='word_1_134' title='bbox 1307 1110 1418 1178; x_wconf 83' lang='lat' dir='ltr'>canda</span> <span class='ocrx_word' id='word_1_135' title='bbox 1454 1110 1528 1202; x_wconf 89' lang='lat' dir='ltr'>ipsa</span> <span class='ocrx_word' id='word_1_136' title='bbox 1564 1106 1770 1207; x_wconf 17' lang='lat' dir='ltr'>thematum·</span> <span class='ocrx_word' id='word_1_137' title='bbox 1796 1124 1939 1184; x_wconf 90' lang='lat' dir='ltr'>natura.</span> <span class='ocrx_word' id='word_1_138' title='bbox 2000 1110 2187 1184; x_wconf 85' lang='lat' dir='ltr'>Rhetorici</span> <span class='ocrx_word' id='word_1_139' title='bbox 2213 1114 2297 1198; x_wconf 88' lang='lat' dir='ltr'>loci,</span> 
     </span>
     <span class='ocr_line' id='line_1_31' title="bbox 1307 1210 2297 1305; baseline 0.003 -25"><span class='ocrx_word' id='word_1_140' title='bbox 1307 1236 1386 1280; x_wconf 92' lang='lat' dir='ltr'>cum</span> <span class='ocrx_word' id='word_1_141' title='bbox 1412 1214 1457 1279; x_wconf 94' lang='lat' dir='ltr'>ad</span> <span class='ocrx_word' id='word_1_142' title='bbox 1476 1210 1596 1281; x_wconf 83' lang='lat' dir='ltr'>&#39;civilia</span> <span class='ocrx_word' id='word_1_143' title='bbox 1620 1214 1761 1305; x_wconf 90' lang='lat' dir='ltr'>negotia</span> <span class='ocrx_word' id='word_1_144' title='bbox 1784 1214 2010 1304; x_wconf 89' lang='lat' dir='ltr'>pertineant,</span> <span class='ocrx_word' id='word_1_145' title='bbox 2035 1240 2111 1285; x_wconf 93' lang='lat' dir='ltr'>non</span> <span class='ocrx_word' id='word_1_146' title='bbox 2126 1228 2199 1284; x_wconf 92' lang='lat' dir='ltr'>tam</span> <span class='ocrx_word' id='word_1_147' title='bbox 2216 1238 2297 1285; x_wconf 90' lang='lat' dir='ltr'>exa·</span> 
     </span>
     <span class='ocr_line' id='line_1_32' title="bbox 1307 1314 2297 1411; baseline 0.005 -29"><span class='ocrx_word' id='word_1_148' title='bbox 1307 1325 1399 1382; x_wconf 90' lang='lat' dir='ltr'>ctam</span> <span class='ocrx_word' id='word_1_149' title='bbox 1425 1338 1466 1382; x_wconf 92' lang='lat' dir='ltr'>ac</span> <span class='ocrx_word' id='word_1_150' title='bbox 1489 1314 1654 1385; x_wconf 90' lang='lat' dir='ltr'>subtilem</span> <span class='ocrx_word' id='word_1_151' title='bbox 1678 1340 1798 1386; x_wconf 91' lang='lat' dir='ltr'>rerum</span> <span class='ocrx_word' id='word_1_152' title='bbox 1827 1318 2004 1386; x_wconf 88' lang='lat' dir='ltr'>rationem</span> <span class='ocrx_word' id='word_1_153' title='bbox 2035 1318 2297 1411; x_wconf 87' lang='lat' dir='ltr'>praescribunt,</span> 
     </span>
     <span class='ocr_line' id='line_1_33' title="bbox 1308 1412 2296 1512; baseline 0.001 -27"><span class='ocrx_word' id='word_1_154' title='bbox 1308 1412 1415 1510; x_wconf 86' lang='lat' dir='ltr'>quam</span> <span class='ocrx_word' id='word_1_155' title='bbox 1431 1414 1626 1500; x_wconf 88' lang='lat' dir='ltr'>dialectici,</span> <span class='ocrx_word' id='word_1_156' title='bbox 1653 1419 1715 1511; x_wconf 90' lang='lat' dir='ltr'>qui</span> <span class='ocrx_word' id='word_1_157' title='bbox 1731 1431 1906 1512; x_wconf 91' lang='lat' dir='ltr'>quatenus</span> <span class='ocrx_word' id='word_1_158' title='bbox 1920 1421 1997 1489; x_wconf 90' lang='lat' dir='ltr'>lieri</span> <span class='ocrx_word' id='word_1_159' title='bbox 2013 1433 2149 1511; x_wconf 90' lang='lat' dir='ltr'>potest,</span> <span class='ocrx_word' id='word_1_160' title='bbox 2173 1417 2296 1489; x_wconf 83' lang='lat' dir='ltr'>omnia</span> 
     </span>
     <span class='ocr_line' id='line_1_34' title="bbox 1308 1517 2297 1613; baseline 0.002 -27"><span class='ocrx_word' id='word_1_161' title='bbox 1308 1517 1554 1609; x_wconf 87' lang='lat' dir='ltr'>propriissime</span> <span class='ocrx_word' id='word_1_162' title='bbox 1581 1540 1621 1586; x_wconf 92' lang='lat' dir='ltr'>ac</span> <span class='ocrx_word' id='word_1_163' title='bbox 1649 1519 1842 1590; x_wconf 87' lang='lat' dir='ltr'>certissime</span> <span class='ocrx_word' id='word_1_164' title='bbox 1863 1522 2067 1613; x_wconf 89' lang='lat' dir='ltr'>expediunt.</span> <span class='ocrx_word' id='word_1_165' title='bbox 2136 1521 2297 1590; x_wconf 86' lang='lat' dir='ltr'>Proinde</span> 
     </span>
     <span class='ocr_line' id='line_1_35' title="bbox 1308 1620 2297 1705; baseline 0 -15"><span class='ocrx_word' id='word_1_166' title='bbox 1308 1620 1485 1691; x_wconf 90' lang='lat' dir='ltr'>studiosos</span> <span class='ocrx_word' id='word_1_167' title='bbox 1510 1644 1660 1705; x_wconf 91' lang='lat' dir='ltr'>moneo,</span> <span class='ocrx_word' id='word_1_168' title='bbox 1686 1636 1726 1691; x_wconf 95' lang='lat' dir='ltr'>ut</span> <span class='ocrx_word' id='word_1_169' title='bbox 1750 1622 1893 1692; x_wconf 89' lang='lat' dir='ltr'>ordines</span> <span class='ocrx_word' id='word_1_170' title='bbox 1913 1646 2033 1693; x_wconf 90' lang='lat' dir='ltr'>rerum</span> <span class='ocrx_word' id='word_1_171' title='bbox 2048 1622 2117 1694; x_wconf 85' lang='lat' dir='ltr'>sibi</span> <span class='ocrx_word' id='word_1_172' title='bbox 2134 1633 2297 1692; x_wconf 90' lang='lat' dir='ltr'>accurate</span> 
     </span>
     <span class='ocr_line' id='line_1_36' title="bbox 1308 1722 2297 1819; baseline 0 -28"><span class='ocrx_word' id='word_1_173' title='bbox 1308 1723 1484 1814; x_wconf 89' lang='lat' dir='ltr'>digerant,</span> <span class='ocrx_word' id='word_1_174' title='bbox 1512 1722 1686 1817; x_wconf 87' lang='lat' dir='ltr'>equibus,</span> <span class='ocrx_word' id='word_1_175' title='bbox 1707 1724 1737 1795; x_wconf 93' lang='lat' dir='ltr'>si</span> <span class='ocrx_word' id='word_1_176' title='bbox 1756 1725 1900 1819; x_wconf 90' lang='lat' dir='ltr'>quando</span> <span class='ocrx_word' id='word_1_177' title='bbox 1917 1750 2001 1796; x_wconf 91' lang='lat' dir='ltr'>usus</span> <span class='ocrx_word' id='word_1_178' title='bbox 2019 1737 2156 1818; x_wconf 89' lang='lat' dir='ltr'>poscat,</span> <span class='ocrx_word' id='word_1_179' title='bbox 2177 1747 2297 1794; x_wconf 91' lang='lat' dir='ltr'>rerum</span> 
     </span>
     <span class='ocr_line' id='line_1_37' title="bbox 1307 1824 2060 1916; baseline 0.009 -24"><span class='ocrx_word' id='word_1_180' title='bbox 1307 1824 1487 1895; x_wconf 85' lang='lat' dir='ltr'>finitiones</span> <span class='ocrx_word' id='word_1_181' title='bbox 1508 1836 1643 1916; x_wconf 88' lang='lat' dir='ltr'>petant.</span> <span class='ocrx_word' id='word_1_182' title='bbox 2058 1827 2060 1832; x_wconf 67' lang='grc'>’</span> 
     </span>
     <span class='ocr_line' id='line_1_38' title="bbox 1409 1925 2300 2023; baseline 0 -29"><span class='ocrx_word' id='word_1_183' title='bbox 1409 1925 1703 1996; x_wconf 89' lang='lat' dir='ltr'>Praedicamenta</span> <span class='ocrx_word' id='word_1_184' title='bbox 1741 1940 1897 2023; x_wconf 90' lang='lat' dir='ltr'>quatuor</span> <span class='ocrx_word' id='word_1_185' title='bbox 1930 1940 2023 2000; x_wconf 85' lang='lat' dir='ltr'>sunt.</span> <span class='ocrx_word' id='word_1_186' title='bbox 2082 1925 2300 2011; x_wconf 75' lang='lat' dir='ltr'>Substantia,</span> 
     </span>
     <span class='ocr_line' id='line_1_39' title="bbox 1310 2029 2299 2124; baseline 0.004 -30"><span class='ocrx_word' id='word_1_187' title='bbox 1310 2031 1511 2122; x_wconf 86' lang='lat' dir='ltr'>quantitas,</span> <span class='ocrx_word' id='word_1_188' title='bbox 1538 2029 1712 2124; x_wconf 88' lang='lat' dir='ltr'>qualitas,</span> <span class='ocrx_word' id='word_1_189' title='bbox 1737 2030 1877 2099; x_wconf 90' lang='lat' dir='ltr'>relatio.</span> <span class='ocrx_word' id='word_1_190' title='bbox 1939 2029 2142 2105; x_wconf 89' lang='lat' dir='ltr'>Substantia</span> <span class='ocrx_word' id='word_1_191' title='bbox 2169 2042 2222 2100; x_wconf 88' lang='lat' dir='ltr'>est</span> <span class='ocrx_word' id='word_1_192' title='bbox 2242 2051 2299 2098; x_wconf 89' lang='lat' dir='ltr'>res</span> 
     </span>
     <span class='ocr_line' id='line_1_40' title="bbox 1309 2130 2355 2228; baseline -0.001 -29"><span class='ocrx_word' id='word_1_193' title='bbox 1309 2154 1374 2221; x_wconf 90' lang='lat' dir='ltr'>per</span> <span class='ocrx_word' id='word_1_194' title='bbox 1396 2154 1470 2201; x_wconf 89' lang='lat' dir='ltr'>sese</span> <span class='ocrx_word' id='word_1_195' title='bbox 1494 2131 1663 2203; x_wconf 85' lang='lat' dir='ltr'>existens:</span> <span class='ocrx_word' id='word_1_196' title='bbox 1699 2132 1877 2227; x_wconf 89' lang='lat' dir='ltr'>planeque</span> <span class='ocrx_word' id='word_1_197' title='bbox 1899 2133 1954 2215; x_wconf 90' lang='lat' dir='ltr'>id,</span> <span class='ocrx_word' id='word_1_198' title='bbox 1989 2157 2061 2226; x_wconf 90' lang='lat' dir='ltr'>quo</span> <span class='ocrx_word' id='word_1_199' title='bbox 2085 2157 2149 2202; x_wconf 91' lang='lat' dir='ltr'>ceu</span> <span class='ocrx_word' id='word_1_200' title='bbox 2170 2130 2300 2202; x_wconf 89' lang='lat' dir='ltr'>funda·</span> <span class='ocrx_word' id='word_1_201' title='bbox 2352 2219 2355 2228; x_wconf 30' lang='grc' dir='ltr'>Ι</span> 
     </span>
     <span class='ocr_line' id='line_1_41' title="bbox 1309 2234 1852 2306; baseline 0.007 -5"><span class='ocrx_word' id='word_1_202' title='bbox 1309 2245 1432 2301; x_wconf 92' lang='lat' dir='ltr'>mento</span> <span class='ocrx_word' id='word_1_203' title='bbox 1457 2234 1652 2302; x_wconf 87' lang='lat' dir='ltr'>accidentia</span> <span class='ocrx_word' id='word_1_204' title='bbox 1675 2234 1852 2306; x_wconf 90' lang='lat' dir='ltr'>nituntur.</span> 
     </span>
    </p>
   </div>
   <div class='ocr_carea' id='block_1_13' title="bbox 1538 2367 2074 2439">
    <p class='ocr_par' dir='ltr' id='par_1_13' title="bbox 1538 2367 2074 2439">
     <span class='ocr_line' id='line_1_42' title="bbox 1538 2367 2074 2439; baseline 0.004 -3"><span class='ocrx_word' id='word_1_205' title='bbox 1538 2367 1662 2437; x_wconf 91' lang='lat' dir='ltr'>Ordo</span> <span class='ocrx_word' id='word_1_206' title='bbox 1690 2367 2074 2439; x_wconf 89' lang='lat' dir='ltr'>substantiarum.</span> 
     </span>
    </p>
   </div>
   <div class='ocr_carea' id='block_1_14' title="bbox 1480 2486 2187 2729">
    <p class='ocr_par' dir='ltr' id='par_1_14' title="bbox 1480 2486 2187 2729">
     <span class='ocr_line' id='line_1_43' title="bbox 1703 2486 1908 2558; baseline -0.024 -1"><span class='ocrx_word' id='word_1_207' title='bbox 1703 2486 1908 2558; x_wconf 88' lang='lat' dir='ltr'>Substantia</span> 
     </span>
     <span class='ocr_line' id='line_1_44' title="bbox 1545 2579 2091 2630; baseline -0.002 -2"><span class='ocrx_word' id='word_1_208' title='bbox 1545 2579 2091 2630; x_wconf 43' lang='lat' dir='ltr'>“x-sl*</span> 
     </span>
     <span class='ocr_line' id='line_1_45' title="bbox 1480 2630 2187 2729; baseline -0.004 -23"><span class='ocrx_word' id='word_1_209' title='bbox 1480 2637 1661 2729; x_wconf 85' lang='lat' dir='ltr'>Corporea</span> <span class='ocrx_word' id='word_1_210' title='bbox 1972 2630 2187 2727; x_wconf 81' lang='lat' dir='ltr'>incorporea</span> 
     </span>
    </p>
   </div>
   <div class='ocr_carea' id='block_1_15' title="bbox 270 2733 2251 2838">
    <p class='ocr_par' dir='ltr' id='par_1_15' title="bbox 270 2733 2251 2838">
     <span class='ocr_line' id='line_1_46' title="bbox 270 2733 2251 2838; baseline -0.005 -29"><span class='ocrx_word' id='word_1_211' title='bbox 270 2740 429 2834; x_wconf 85' lang='lat' dir='ltr'>exempla</span> <span class='ocrx_word' id='word_1_212' title='bbox 446 2741 706 2833; x_wconf 90' lang='lat' dir='ltr'>producuntur.</span> <span class='ocrx_word' id='word_1_213' title='bbox 756 2735 823 2824; x_wconf 88' lang='lat' dir='ltr'>Et,</span> <span class='ocrx_word' id='word_1_214' title='bbox 852 2753 892 2809; x_wconf 91' lang='lat' dir='ltr'>ut</span> <span class='ocrx_word' id='word_1_215' title='bbox 907 2741 1017 2831; x_wconf 93' lang='lat' dir='ltr'>paulo</span> <span class='ocrx_word' id='word_1_216' title='bbox 1035 2742 1141 2814; x_wconf 91' lang='lat' dir='ltr'>altius</span> <span class='ocrx_word' id='word_1_217' title='bbox 1159 2763 1261 2838; x_wconf 88' lang='lat' dir='ltr'>repe·</span> <span class='ocrx_word' id='word_1_218' title='bbox 1305 2750 1864 2796; x_wconf 47' lang='lat' dir='ltr'>tw*</span> <span class='ocrx_word' id='word_1_219' title='bbox 1904 2733 1990 2799; x_wconf 61' lang='grc' dir='ltr'>Μ’,</span> <span class='ocrx_word' id='word_1_220' title='bbox 2007 2737 2141 2801; x_wconf 61' lang='lat' dir='ltr'>”selus</span> <span class='ocrx_word' id='word_1_221' title='bbox 2157 2735 2251 2790; x_wconf 64' lang='lat'>⁸⁸¹¹·</span> 
     </span>
    </p>
   </div>
   <div class='ocr_carea' id='block_1_16' title="bbox 270 2840 1270 5411">
    <p class='ocr_par' dir='ltr' id='par_1_16' title="bbox 270 2840 1266 4156">
     <span class='ocr_line' id='line_1_47' title="bbox 270 2840 1262 2939; baseline -0.001 -26"><span class='ocrx_word' id='word_1_222' title='bbox 270 2856 388 2913; x_wconf 91' lang='lat' dir='ltr'>tamus</span> <span class='ocrx_word' id='word_1_223' title='bbox 403 2842 581 2911; x_wconf 91' lang='lat' dir='ltr'>rationem</span> <span class='ocrx_word' id='word_1_224' title='bbox 595 2840 991 2935; x_wconf 85' lang='lat' dir='ltr'>praedicamentorum,</span> <span class='ocrx_word' id='word_1_225' title='bbox 1017 2844 1164 2939; x_wconf 93' lang='lat' dir='ltr'>quidam</span> <span class='ocrx_word' id='word_1_226' title='bbox 1180 2867 1262 2913; x_wconf 92' lang='lat' dir='ltr'>cen·</span> 
     </span>
     <span class='ocr_line' id='line_1_48' title="bbox 270 2942 1262 3038; baseline -0.002 -21"><span class='ocrx_word' id='word_1_227' title='bbox 270 2957 349 3018; x_wconf 92' lang='lat' dir='ltr'>sent</span> <span class='ocrx_word' id='word_1_228' title='bbox 378 2944 665 3038; x_wconf 88' lang='lat' dir='ltr'>praedicamenta</span> <span class='ocrx_word' id='word_1_229' title='bbox 700 2968 773 3014; x_wconf 91' lang='lat' dir='ltr'>esse</span> <span class='ocrx_word' id='word_1_230' title='bbox 803 2945 953 3014; x_wconf 91' lang='lat' dir='ltr'>nomina</span> <span class='ocrx_word' id='word_1_231' title='bbox 976 2958 1158 3030; x_wconf 89' lang='lat' dir='ltr'>statuum,</span> <span class='ocrx_word' id='word_1_232' title='bbox 1191 2942 1262 3016; x_wconf 89' lang='lat' dir='ltr'>hoc</span> 
     </span>
     <span class='ocr_line' id='line_1_49' title="bbox 272 3046 1262 3143; baseline -0.001 -24"><span class='ocrx_word' id='word_1_233' title='bbox 272 3063 337 3136; x_wconf 89' lang='lat' dir='ltr'>est,</span> <span class='ocrx_word' id='word_1_234' title='bbox 356 3048 456 3141; x_wconf 88' lang='lat' dir='ltr'>signa</span> <span class='ocrx_word' id='word_1_235' title='bbox 473 3049 663 3143; x_wconf 89' lang='lat' dir='ltr'>quaedam,</span> <span class='ocrx_word' id='word_1_236' title='bbox 689 3046 843 3141; x_wconf 93' lang='lat' dir='ltr'>ideoque</span> <span class='ocrx_word' id='word_1_237' title='bbox 858 3046 957 3117; x_wconf 85' lang='lat' dir='ltr'>filum</span> <span class='ocrx_word' id='word_1_238' title='bbox 975 3051 1171 3143; x_wconf 90' lang='lat' dir='ltr'>quoddam,</span> <span class='ocrx_word' id='word_1_239' title='bbox 1188 3073 1262 3143; x_wconf 91' lang='lat' dir='ltr'>quo</span> 
     </span>
     <span class='ocr_line' id='line_1_50' title="bbox 271 3148 1263 3244; baseline -0.002 -22"><span class='ocrx_word' id='word_1_240' title='bbox 271 3152 454 3244; x_wconf 80' lang='lat' dir='ltr'>digeratur</span> <span class='ocrx_word' id='word_1_241' title='bbox 475 3150 593 3220; x_wconf 89' lang='lat' dir='ltr'>omnis</span> <span class='ocrx_word' id='word_1_242' title='bbox 616 3148 805 3220; x_wconf 85' lang='lat' dir='ltr'>artificiosa</span> <span class='ocrx_word' id='word_1_243' title='bbox 831 3150 968 3235; x_wconf 90' lang='lat' dir='ltr'>oratio,</span> <span class='ocrx_word' id='word_1_244' title='bbox 994 3164 1034 3221; x_wconf 92' lang='lat' dir='ltr'>ut</span> <span class='ocrx_word' id='word_1_245' title='bbox 1053 3152 1083 3223; x_wconf 93' lang='lat' dir='ltr'>si</span> <span class='ocrx_word' id='word_1_246' title='bbox 1101 3154 1145 3223; x_wconf 94' lang='lat' dir='ltr'>de</span> <span class='ocrx_word' id='word_1_247' title='bbox 1162 3149 1263 3223; x_wconf 92' lang='lat' dir='ltr'>iusti-</span> 
     </span>
     <span class='ocr_line' id='line_1_51' title="bbox 271 3245 1264 3347; baseline 0 -22"><span class='ocrx_word' id='word_1_248' title='bbox 271 3255 320 3325; x_wconf 92' lang='lat' dir='ltr'>tia</span> <span class='ocrx_word' id='word_1_249' title='bbox 352 3253 544 3326; x_wconf 88' lang='lat' dir='ltr'>dicendum</span> <span class='ocrx_word' id='word_1_250' title='bbox 577 3245 643 3336; x_wconf 83' lang='lat' dir='ltr'>sit,</span> <span class='ocrx_word' id='word_1_251' title='bbox 676 3251 835 3347; x_wconf 89' lang='lat' dir='ltr'>primurn</span> <span class='ocrx_word' id='word_1_252' title='bbox 869 3254 915 3324; x_wconf 92' lang='lat' dir='ltr'>de</span> <span class='ocrx_word' id='word_1_253' title='bbox 949 3253 1024 3326; x_wconf 90' lang='lat' dir='ltr'>eius</span> <span class='ocrx_word' id='word_1_254' title='bbox 1050 3253 1264 3338; x_wconf 88' lang='lat' dir='ltr'>substantia,</span> 
     </span>
     <span class='ocr_line' id='line_1_52' title="bbox 272 3355 1263 3455; baseline -0.003 -29"><span class='ocrx_word' id='word_1_255' title='bbox 272 3358 416 3453; x_wconf 88' lang='lat' dir='ltr'>quaeri,</span> <span class='ocrx_word' id='word_1_256' title='bbox 443 3380 535 3455; x_wconf 90' lang='lat' dir='ltr'>quae</span> <span class='ocrx_word' id='word_1_257' title='bbox 551 3380 609 3428; x_wconf 91' lang='lat' dir='ltr'>res</span> <span class='ocrx_word' id='word_1_258' title='bbox 624 3355 683 3439; x_wconf 89' lang='lat' dir='ltr'>sit,</span> <span class='ocrx_word' id='word_1_259' title='bbox 707 3368 845 3448; x_wconf 89' lang='lat' dir='ltr'>postea,</span> <span class='ocrx_word' id='word_1_260' title='bbox 871 3369 1020 3450; x_wconf 90' lang='lat' dir='ltr'>quanta,</span> <span class='ocrx_word' id='word_1_261' title='bbox 1045 3370 1080 3427; x_wconf 91' lang='lat' dir='ltr'>et</span> <span class='ocrx_word' id='word_1_262' title='bbox 1100 3358 1139 3426; x_wconf 91' lang='lat' dir='ltr'>in</span> <span class='ocrx_word' id='word_1_263' title='bbox 1154 3379 1263 3452; x_wconf 90' lang='lat' dir='ltr'>quam</span> 
     </span>
     <span class='ocr_line' id='line_1_53' title="bbox 271 3454 1265 3561; baseline -0.005 -31"><span class='ocrx_word' id='word_1_264' title='bbox 271 3462 405 3534; x_wconf 88' lang='lat' dir='ltr'>multos</span> <span class='ocrx_word' id='word_1_265' title='bbox 419 3454 548 3561; x_wconf 63' lang='lat' dir='ltr'>modos</span> <span class='ocrx_word' id='word_1_266' title='bbox 564 3472 775 3554; x_wconf 78' lang='lat' dir='ltr'>spargatur,</span> <span class='ocrx_word' id='word_1_267' title='bbox 800 3458 930 3529; x_wconf 89' lang='lat' dir='ltr'>deinde</span> <span class='ocrx_word' id='word_1_268' title='bbox 945 3457 1062 3552; x_wconf 91' lang='lat' dir='ltr'>qualis</span> <span class='ocrx_word' id='word_1_269' title='bbox 1076 3459 1143 3544; x_wconf 87' lang='lat' dir='ltr'>sit,</span> <span class='ocrx_word' id='word_1_270' title='bbox 1167 3457 1265 3529; x_wconf 87' lang='lat' dir='ltr'>utilis</span> 
     </span>
     <span class='ocr_line' id='line_1_54' title="bbox 273 3556 1265 3655; baseline -0.008 -14"><span class='ocrx_word' id='word_1_271' title='bbox 273 3595 321 3641; x_wconf 89' lang='lat' dir='ltr'>an</span> <span class='ocrx_word' id='word_1_272' title='bbox 335 3564 494 3649; x_wconf 91' lang='lat' dir='ltr'>inutilis,</span> <span class='ocrx_word' id='word_1_273' title='bbox 521 3577 607 3647; x_wconf 92' lang='lat' dir='ltr'>etc.,</span> <span class='ocrx_word' id='word_1_274' title='bbox 634 3561 723 3631; x_wconf 91' lang='lat' dir='ltr'>etin</span> <span class='ocrx_word' id='word_1_275' title='bbox 740 3556 808 3629; x_wconf 93' lang='lat' dir='ltr'>hac</span> <span class='ocrx_word' id='word_1_276' title='bbox 824 3562 998 3631; x_wconf 89' lang='lat' dir='ltr'>sententia</span> <span class='ocrx_word' id='word_1_277' title='bbox 1016 3558 1265 3655; x_wconf 80' lang='lat' dir='ltr'>Quintilianus</span> 
     </span>
     <span class='ocr_line' id='line_1_55' title="bbox 272 3660 1264 3764; baseline -0.012 -20"><span class='ocrx_word' id='word_1_278' title='bbox 272 3674 360 3756; x_wconf 85' lang='lat' dir='ltr'>luit,</span> <span class='ocrx_word' id='word_1_279' title='bbox 393 3693 503 3764; x_wconf 90' lang='lat' dir='ltr'>quam</span> <span class='ocrx_word' id='word_1_280' title='bbox 525 3664 592 3739; x_wconf 85' lang='lat' dir='ltr'>etsi</span> <span class='ocrx_word' id='word_1_281' title='bbox 614 3688 691 3735; x_wconf 91' lang='lat' dir='ltr'>non</span> <span class='ocrx_word' id='word_1_282' title='bbox 714 3663 904 3756; x_wconf 86' lang='lat' dir='ltr'>improbo,</span> <span class='ocrx_word' id='word_1_283' title='bbox 938 3675 1061 3735; x_wconf 88' lang='lat' dir='ltr'>tamen</span> <span class='ocrx_word' id='word_1_284' title='bbox 1084 3660 1142 3733; x_wconf 89' lang='lat' dir='ltr'>bic</span> <span class='ocrx_word' id='word_1_285' title='bbox 1162 3663 1264 3758; x_wconf 88' lang='lat' dir='ltr'>sequi</span> 
     </span>
     <span class='ocr_line' id='line_1_56' title="bbox 273 3767 1263 3872; baseline -0.012 -26"><span class='ocrx_word' id='word_1_286' title='bbox 273 3799 349 3847; x_wconf 93' lang='lat' dir='ltr'>non</span> <span class='ocrx_word' id='word_1_287' title='bbox 370 3773 458 3843; x_wconf 90' lang='lat' dir='ltr'>libet</span> <span class='ocrx_word' id='word_1_288' title='bbox 472 3769 542 3866; x_wconf 91' lang='lat'>¹¹),</span> <span class='ocrx_word' id='word_1_289' title='bbox 580 3767 755 3850; x_wconf 84' lang='lat' dir='ltr'>maxime,</span> <span class='ocrx_word' id='word_1_290' title='bbox 789 3791 872 3869; x_wconf 77' lang='lat' dir='ltr'>cum</span> <span class='ocrx_word' id='word_1_291' title='bbox 896 3789 1013 3863; x_wconf 90' lang='lat' dir='ltr'>neque</span> <span class='ocrx_word' id='word_1_292' title='bbox 1040 3767 1263 3872; x_wconf 77' lang='lat' dir='ltr'>Graecorum</span> 
     </span>
     <span class='ocr_line' id='line_1_57' title="bbox 271 3866 1266 3970; baseline -0.013 -19"><span class='ocrx_word' id='word_1_293' title='bbox 271 3878 386 3961; x_wconf 90' lang='lat' dir='ltr'>ullus,</span> <span class='ocrx_word' id='word_1_294' title='bbox 412 3899 502 3970; x_wconf 92' lang='lat' dir='ltr'>quos</span> <span class='ocrx_word' id='word_1_295' title='bbox 517 3869 687 3959; x_wconf 86' lang='lat' dir='ltr'>viderim,</span> <span class='ocrx_word' id='word_1_296' title='bbox 710 3866 960 3962; x_wconf 87' lang='lat' dir='ltr'>adstipuletur,</span> <span class='ocrx_word' id='word_1_297' title='bbox 985 3869 1139 3964; x_wconf 90' lang='lat' dir='ltr'>proinde</span> <span class='ocrx_word' id='word_1_298' title='bbox 1153 3868 1266 3939; x_wconf 89' lang='lat' dir='ltr'>ratio·</span> 
     </span>
     <span class='ocr_line' id='line_1_58' title="bbox 272 3973 1266 4070; baseline -0.01 -18"><span class='ocrx_word' id='word_1_299' title='bbox 272 4006 355 4052; x_wconf 88' lang='lat' dir='ltr'>nem</span> <span class='ocrx_word' id='word_1_300' title='bbox 378 3991 413 4049; x_wconf 94' lang='lat' dir='ltr'>et</span> <span class='ocrx_word' id='word_1_301' title='bbox 429 4002 532 4050; x_wconf 88' lang='lat' dir='ltr'>usum</span> <span class='ocrx_word' id='word_1_302' title='bbox 555 3973 951 4070; x_wconf 84' lang='lat' dir='ltr'>praedicamentorum,</span> <span class='ocrx_word' id='word_1_303' title='bbox 977 3997 1086 4068; x_wconf 90' lang='lat' dir='ltr'>quam</span> <span class='ocrx_word' id='word_1_304' title='bbox 1106 3994 1266 4068; x_wconf 90' lang='lat' dir='ltr'>possum,</span> 
     </span>
     <span class='ocr_line' id='line_1_59' title="bbox 273 4077 752 4156; baseline -0.008 -3"><span class='ocrx_word' id='word_1_305' title='bbox 273 4080 534 4156; x_wconf 86' lang='lat' dir='ltr'>absolutissime</span> <span class='ocrx_word' id='word_1_306' title='bbox 553 4077 752 4151; x_wconf 88' lang='lat' dir='ltr'>subiiciam.</span> 
     </span>
    </p>

    <p class='ocr_par' dir='ltr' id='par_1_17' title="bbox 272 4174 1270 5411">
     <span class='ocr_line' id='line_1_60' title="bbox 374 4174 1266 4271; baseline -0.012 -14"><span class='ocrx_word' id='word_1_307' title='bbox 374 4183 671 4257; x_wconf 88' lang='lat' dir='ltr'>Praedicamenta</span> <span class='ocrx_word' id='word_1_308' title='bbox 680 4179 727 4270; x_wconf 74' lang='lat'>¹⁹)</span> <span class='ocrx_word' id='word_1_309' title='bbox 742 4193 825 4252; x_wconf 90' lang='lat' dir='ltr'>sunt</span> <span class='ocrx_word' id='word_1_310' title='bbox 840 4176 985 4251; x_wconf 91' lang='lat' dir='ltr'>ordines</span> <span class='ocrx_word' id='word_1_311' title='bbox 999 4202 1134 4271; x_wconf 84' lang='lat' dir='ltr'>rerum.</span> <span class='ocrx_word' id='word_1_312' title='bbox 1171 4174 1266 4248; x_wconf 85' lang='lat' dir='ltr'>Con·</span> 
     </span>
     <span class='ocr_line' id='line_1_61' title="bbox 274 4268 1267 4379; baseline -0.018 -12"><span class='ocrx_word' id='word_1_313' title='bbox 274 4278 410 4375; x_wconf 86' lang='lat' dir='ltr'>ducunt</span> <span class='ocrx_word' id='word_1_314' title='bbox 432 4300 551 4359; x_wconf 87' lang='lat' dir='ltr'>autem</span> <span class='ocrx_word' id='word_1_315' title='bbox 571 4285 609 4355; x_wconf 89' lang='lat' dir='ltr'>in</span> <span class='ocrx_word' id='word_1_316' title='bbox 630 4282 757 4379; x_wconf 86' lang='lat' dir='ltr'>primis</span> <span class='ocrx_word' id='word_1_317' title='bbox 782 4283 828 4352; x_wconf 91' lang='lat' dir='ltr'>ad</span> <span class='ocrx_word' id='word_1_318' title='bbox 842 4281 1059 4375; x_wconf 88' lang='lat' dir='ltr'>colligendas</span> <span class='ocrx_word' id='word_1_319' title='bbox 1072 4268 1267 4375; x_wconf 80' lang='lat' dir='ltr'>finitiones,</span> 
     </span>
     <span class='ocr_line' id='line_1_62' title="bbox 274 4384 1267 4468; baseline -0.015 0"><span class='ocrx_word' id='word_1_320' title='bbox 274 4411 311 4468; x_wconf 91' lang='lat' dir='ltr'>et</span> <span class='ocrx_word' id='word_1_321' title='bbox 332 4397 379 4467; x_wconf 93' lang='lat' dir='ltr'>ad</span> <span class='ocrx_word' id='word_1_322' title='bbox 403 4389 610 4463; x_wconf 88' lang='lat' dir='ltr'>discrimina</span> <span class='ocrx_word' id='word_1_323' title='bbox 634 4386 860 4467; x_wconf 67' lang='lat' dir='ltr'>finitionum</span> <span class='ocrx_word' id='word_1_324' title='bbox 892 4409 959 4456; x_wconf 91' lang='lat' dir='ltr'>nec</span> <span class='ocrx_word' id='word_1_325' title='bbox 981 4384 1077 4456; x_wconf 91' lang='lat' dir='ltr'>enim</span> <span class='ocrx_word' id='word_1_326' title='bbox 1098 4407 1193 4455; x_wconf 89' lang='lat' dir='ltr'>unus</span> <span class='ocrx_word' id='word_1_327' title='bbox 1214 4395 1267 4455; x_wconf 91' lang='lat' dir='ltr'>est</span> 
     </span>
     <span class='ocr_line' id='line_1_63' title="bbox 272 4484 1266 4583; baseline -0.015 -14"><span class='ocrx_word' id='word_1_328' title='bbox 272 4495 423 4570; x_wconf 86' lang='lat' dir='ltr'>liniendi</span> <span class='ocrx_word' id='word_1_329' title='bbox 436 4492 585 4576; x_wconf 88' lang='lat' dir='ltr'>modus,</span> <span class='ocrx_word' id='word_1_330' title='bbox 611 4502 653 4562; x_wconf 93' lang='lat' dir='ltr'>ut</span> <span class='ocrx_word' id='word_1_331' title='bbox 668 4490 778 4582; x_wconf 93' lang='lat' dir='ltr'>paulo</span> <span class='ocrx_word' id='word_1_332' title='bbox 793 4501 875 4581; x_wconf 88' lang='lat' dir='ltr'>post</span> <span class='ocrx_word' id='word_1_333' title='bbox 886 4512 1118 4583; x_wconf 87' lang='lat' dir='ltr'>exponemus.</span> <span class='ocrx_word' id='word_1_334' title='bbox 1156 4484 1266 4570; x_wconf 87' lang='lat' dir='ltr'>Nam,</span> 
     </span>
     <span class='ocr_line' id='line_1_64' title="bbox 275 4587 1266 4699; baseline -0.013 -27"><span class='ocrx_word' id='word_1_335' title='bbox 275 4602 336 4699; x_wconf 89' lang='lat' dir='ltr'>qui</span> <span class='ocrx_word' id='word_1_336' title='bbox 367 4626 423 4673; x_wconf 88' lang='lat' dir='ltr'>res</span> <span class='ocrx_word' id='word_1_337' title='bbox 451 4598 490 4667; x_wconf 90' lang='lat' dir='ltr'>in</span> <span class='ocrx_word' id='word_1_338' title='bbox 511 4593 608 4666; x_wconf 90' lang='lat' dir='ltr'>hunc</span> <span class='ocrx_word' id='word_1_339' title='bbox 627 4593 1001 4688; x_wconf 85' lang='lat' dir='ltr'>praedicamentorum</span> <span class='ocrx_word' id='word_1_340' title='bbox 1027 4589 1190 4681; x_wconf 84' lang='lat' dir='ltr'>ordinem</span> <span class='ocrx_word' id='word_1_341' title='bbox 1212 4587 1266 4659; x_wconf 87' lang='lat' dir='ltr'>di·</span> 
     </span>
     <span class='ocr_line' id='line_1_65' title="bbox 274 4690 1267 4799; baseline -0.017 -22"><span class='ocrx_word' id='word_1_342' title='bbox 274 4728 434 4799; x_wconf 86' lang='lat' dir='ltr'>gessere,</span> <span class='ocrx_word' id='word_1_343' title='bbox 465 4698 659 4793; x_wconf 88' lang='lat' dir='ltr'>prudentes</span> <span class='ocrx_word' id='word_1_344' title='bbox 689 4719 774 4768; x_wconf 90' lang='lat' dir='ltr'>sane</span> <span class='ocrx_word' id='word_1_345' title='bbox 796 4690 982 4781; x_wconf 86' lang='lat' dir='ltr'>homines,</span> <span class='ocrx_word' id='word_1_346' title='bbox 1015 4692 1209 4764; x_wconf 87' lang='lat' dir='ltr'>voluerunt</span> <span class='ocrx_word' id='word_1_347' title='bbox 1226 4690 1267 4761; x_wconf 91' lang='lat' dir='ltr'>in</span> 
     </span>
     <span class='ocr_line' id='line_1_66' title="bbox 274 4792 1266 4901; baseline -0.018 -22"><span class='ocrx_word' id='word_1_348' title='bbox 274 4811 373 4879; x_wconf 93' lang='lat' dir='ltr'>locos</span> <span class='ocrx_word' id='word_1_349' title='bbox 401 4804 577 4901; x_wconf 84' lang='lat' dir='ltr'>quosdam</span> <span class='ocrx_word' id='word_1_350' title='bbox 600 4821 810 4870; x_wconf 88' lang='lat' dir='ltr'>communes</span> <span class='ocrx_word' id='word_1_351' title='bbox 832 4821 956 4870; x_wconf 92' lang='lat' dir='ltr'>omnes</span> <span class='ocrx_word' id='word_1_352' title='bbox 976 4821 1033 4868; x_wconf 91' lang='lat' dir='ltr'>res</span> <span class='ocrx_word' id='word_1_353' title='bbox 1046 4795 1165 4895; x_wconf 86' lang='lat' dir='ltr'>totius</span> <span class='ocrx_word' id='word_1_354' title='bbox 1186 4792 1266 4867; x_wconf 89' lang='lat' dir='ltr'>uni-</span> 
     </span>
     <span class='ocr_line' id='line_1_67' title="bbox 275 4897 1267 5003; baseline -0.017 -23"><span class='ocrx_word' id='word_1_355' title='bbox 275 4908 453 4983; x_wconf 87' lang='lat' dir='ltr'>versitatis</span> <span class='ocrx_word' id='word_1_356' title='bbox 476 4902 663 4997; x_wconf 81' lang='lat' dir='ltr'>colligere,</span> <span class='ocrx_word' id='word_1_357' title='bbox 696 4914 737 4971; x_wconf 91' lang='lat' dir='ltr'>ut</span> <span class='ocrx_word' id='word_1_358' title='bbox 760 4900 790 4973; x_wconf 90' lang='lat' dir='ltr'>si</span> <span class='ocrx_word' id='word_1_359' title='bbox 817 4898 904 4992; x_wconf 91' lang='lat' dir='ltr'>quid</span> <span class='ocrx_word' id='word_1_360' title='bbox 927 4910 1132 5003; x_wconf 75' lang='lat' dir='ltr'>ocpurreret</span> <span class='ocrx_word' id='word_1_361' title='bbox 1157 4897 1267 4990; x_wconf 92' lang='lat' dir='ltr'>expli-</span> 
     </span>
     <span class='ocr_line' id='line_1_68' title="bbox 276 4999 1267 5094; baseline -0.018 -10"><span class='ocrx_word' id='word_1_362' title='bbox 276 5017 452 5094; x_wconf 88' lang='lat' dir='ltr'>candum,</span> <span class='ocrx_word' id='word_1_363' title='bbox 477 5008 755 5087; x_wconf 89' lang='lat' dir='ltr'>declarandum,</span> <span class='ocrx_word' id='word_1_364' title='bbox 788 5026 829 5070; x_wconf 91' lang='lat' dir='ltr'>ac</span> <span class='ocrx_word' id='word_1_365' title='bbox 851 5002 1113 5084; x_wconf 84' lang='lat' dir='ltr'>deliniendum,</span> <span class='ocrx_word' id='word_1_366' title='bbox 1144 4999 1267 5071; x_wconf 86' lang='lat' dir='ltr'>statim</span> 
     </span>
     <span class='ocr_line' id='line_1_69' title="bbox 276 5101 1269 5207; baseline -0.016 -22"><span class='ocrx_word' id='word_1_367' title='bbox 276 5141 319 5186; x_wconf 91' lang='lat' dir='ltr'>ex</span> <span class='ocrx_word' id='word_1_368' title='bbox 343 5110 642 5207; x_wconf 86' lang='lat' dir='ltr'>praedicamentis</span> <span class='ocrx_word' id='word_1_369' title='bbox 664 5117 847 5202; x_wconf 90' lang='lat' dir='ltr'>peteretur</span> <span class='ocrx_word' id='word_1_370' title='bbox 869 5108 945 5177; x_wconf 91' lang='lat' dir='ltr'>eius</span> <span class='ocrx_word' id='word_1_371' title='bbox 966 5101 1136 5175; x_wconf 84' lang='lat' dir='ltr'>thematis</span> <span class='ocrx_word' id='word_1_372' title='bbox 1161 5103 1269 5185; x_wconf 88' lang='lat' dir='ltr'>ratio,</span> 
     </span>
     <span class='ocr_line' id='line_1_70' title="bbox 277 5205 1269 5294; baseline -0.01 -7"><span class='ocrx_word' id='word_1_373' title='bbox 277 5241 343 5288; x_wconf 91' lang='lat' dir='ltr'>ceu</span> <span class='ocrx_word' id='word_1_374' title='bbox 360 5240 379 5286; x_wconf 91' lang='lat' dir='ltr'>e</span> <span class='ocrx_word' id='word_1_375' title='bbox 397 5212 646 5284; x_wconf 90' lang='lat' dir='ltr'>communibus</span> <span class='ocrx_word' id='word_1_376' title='bbox 661 5208 771 5294; x_wconf 90' lang='lat' dir='ltr'>locis,</span> <span class='ocrx_word' id='word_1_377' title='bbox 790 5232 852 5279; x_wconf 89' lang='lat' dir='ltr'>seu</span> <span class='ocrx_word' id='word_1_378' title='bbox 867 5205 1118 5278; x_wconf 91' lang='lat' dir='ltr'>communibus</span> <span class='ocrx_word' id='word_1_379' title='bbox 1131 5206 1269 5277; x_wconf 89' lang='lat' dir='ltr'>lormu-</span> 
     </span>
     <span class='ocr_line' id='line_1_71' title="bbox 276 5310 1270 5411; baseline -0.011 -21"><span class='ocrx_word' id='word_1_380' title='bbox 276 5320 333 5393; x_wconf 89' lang='lat' dir='ltr'>lis.</span> <span class='ocrx_word' id='word_1_381' title='bbox 385 5317 503 5411; x_wconf 78' lang='lat' dir='ltr'>Atque</span> <span class='ocrx_word' id='word_1_382' title='bbox 524 5328 566 5385; x_wconf 90' lang='lat' dir='ltr'>ut</span> <span class='ocrx_word' id='word_1_383' title='bbox 578 5310 740 5385; x_wconf 89' lang='lat' dir='ltr'>rhetores</span> <span class='ocrx_word' id='word_1_384' title='bbox 754 5313 853 5381; x_wconf 89' lang='lat' dir='ltr'>locos</span> <span class='ocrx_word' id='word_1_385' title='bbox 868 5311 1043 5405; x_wconf 88' lang='lat' dir='ltr'>quosdam</span> <span class='ocrx_word' id='word_1_386' title='bbox 1061 5331 1270 5379; x_wconf 87' lang='lat' dir='ltr'>communes</span> 
     </span>
    </p>
   </div>
   <div class='ocr_carea' id='block_1_17' title="bbox 281 5461 488 5474">
    <p class='ocr_par' dir='ltr' id='par_1_18' title="bbox 281 5461 488 5474">
     <span class='ocr_line' id='line_1_72' title="bbox 281 5461 488 5474; baseline -0.019 0"><span class='ocrx_word' id='word_1_387' title='bbox 281 5461 488 5474; x_wconf 59' lang='grc' dir='ltr'>-ι--ι-</span> 
     </span>
    </p>
   </div>
   <div class='ocr_carea' id='block_1_18' title="bbox 314 5511 1272 5720">
    <p class='ocr_par' dir='ltr' id='par_1_19' title="bbox 314 5511 1272 5720">
     <span class='ocr_line' id='line_1_73' title="bbox 314 5511 1272 5583; baseline -0.006 -15"><span class='ocrx_word' id='word_1_388' title='bbox 314 5514 362 5583; x_wconf 88' lang='lat' dir='ltr'>tt)</span> <span class='ocrx_word' id='word_1_389' title='bbox 379 5518 480 5568; x_wconf 74' lang='lat' dir='ltr'>annot.</span> <span class='ocrx_word' id='word_1_390' title='bbox 498 5526 603 5581; x_wconf 63' lang='lat' dir='ltr'>anseg:</span> <span class='ocrx_word' id='word_1_391' title='bbox 635 5514 779 5580; x_wconf 59' lang='lat' dir='ltr'>suniam</span> <span class='ocrx_word' id='word_1_392' title='bbox 802 5512 831 5564; x_wconf 87' lang='lat' dir='ltr'>in</span> <span class='ocrx_word' id='word_1_393' title='bbox 854 5511 964 5565; x_wconf 73' lang='lat' dir='ltr'>rsfions</span> <span class='ocrx_word' id='word_1_394' title='bbox 986 5511 1272 5577; x_wconf 77' lang='lat' dir='ltr'>prsstlssnsntornn</span> 
     </span>
     <span class='ocr_line' id='line_1_74' title="bbox 316 5588 1021 5720; baseline -0.01 -15"><span class='ocrx_word' id='word_1_395' title='bbox 316 5588 481 5720; x_wconf 46' lang='lat' dir='ltr'>nimbi.</span> <span class='ocrx_word' id='word_1_396' title='bbox 500 5663 606 5718; x_wconf 51' lang='lat' dir='ltr'>urge</span> <span class='ocrx_word' id='word_1_397' title='bbox 633 5650 710 5702; x_wconf 76' lang='lat' dir='ltr'>Usus</span> <span class='ocrx_word' id='word_1_398' title='bbox 726 5651 1021 5716; x_wconf 60' lang='lat' dir='ltr'>‚rustes-satem.</span> 
     </span>
    </p>
   </div>
   <div class='ocr_carea' id='block_1_19' title="bbox 1441 2808 2029 2899">
    <p class='ocr_par' dir='ltr' id='par_1_20' title="bbox 1441 2808 2029 2899">
     <span class='ocr_line' id='line_1_75' title="bbox 1441 2808 2029 2899; baseline -0.003 -22"><span class='ocrx_word' id='word_1_399' title='bbox 1441 2811 1601 2899; x_wconf 83' lang='lat' dir='ltr'>Simplex</span> <span class='ocrx_word' id='word_1_400' title='bbox 1807 2808 2029 2897; x_wconf 83' lang='lat' dir='ltr'>Composita.</span> 
     </span>
    </p>
   </div>
   <div class='ocr_carea' id='block_1_20' title="bbox 1314 2903 2175 3231">
    <p class='ocr_par' dir='ltr' id='par_1_21' title="bbox 1314 2903 2175 3231">
     <span class='ocr_line' id='line_1_76' title="bbox 1314 2903 1922 3028; baseline -0.012 -45"><span class='ocrx_word' id='word_1_401' title='bbox 1314 2912 1482 2995; x_wconf 90' lang='lat' dir='ltr'>Coelum,</span> <span class='ocrx_word' id='word_1_402' title='bbox 1508 2911 1735 2980; x_wconf 86' lang='lat' dir='ltr'>Elemeutum</span> <span class='ocrx_word' id='word_1_403' title='bbox 1914 2903 1922 3028; x_wconf 82' lang='grc' dir='ltr'>Ι</span> 
     </span>
     <span class='ocr_line' id='line_1_77' title="bbox 1513 3011 2076 3079; baseline 0.004 -2"><span class='ocrx_word' id='word_1_404' title='bbox 1513 3011 1609 3077; x_wconf 54' lang='lat' dir='ltr'>fluns</span> <span class='ocrx_word' id='word_1_405' title='bbox 1628 3020 1689 3075; x_wconf 65' lang='lat' dir='ltr'>”fs</span> <span class='ocrx_word' id='word_1_406' title='bbox 1835 3064 1843 3078; x_wconf 95' lang='lat'>.</span> <span class='ocrx_word' id='word_1_407' title='bbox 1887 3064 1895 3077; x_wconf 93' lang='lat'>.</span> <span class='ocrx_word' id='word_1_408' title='bbox 2044 3044 2048 3051; x_wconf 92' lang='lat'><em>·</em></span> <span class='ocrx_word' id='word_1_409' title='bbox 2067 3064 2076 3079; x_wconf 95' lang='lat'>.</span> 
     </span>
     <span class='ocr_line' id='line_1_78' title="bbox 1513 3062 2175 3146; baseline 0.003 -16"><span class='ocrx_word' id='word_1_410' title='bbox 1513 3091 1603 3146; x_wconf 74' lang='grc' dir='ltr'>ιῃι,</span> <span class='ocrx_word' id='word_1_411' title='bbox 1620 3081 1706 3130; x_wconf 71' lang='lat' dir='ltr'>turn</span> <span class='ocrx_word' id='word_1_412' title='bbox 1740 3062 1915 3132; x_wconf 82' lang='lat' dir='ltr'>lnanrmss</span> <span class='ocrx_word' id='word_1_413' title='bbox 2005 3066 2175 3132; x_wconf 78' lang='lat' dir='ltr'>Animata</span> 
     </span>
     <span class='ocr_line' id='line_1_79' title="bbox 1724 3160 2104 3231; baseline 0 -19"><span class='ocrx_word' id='word_1_414' title='bbox 1724 3160 1813 3227; x_wconf 79' lang='lat' dir='ltr'>lapte,</span> <span class='ocrx_word' id='word_1_415' title='bbox 1830 3173 1939 3225; x_wconf 76' lang='lat' dir='ltr'>gens</span> <span class='ocrx_word' id='word_1_416' title='bbox 2096 3160 2104 3231; x_wconf 82' lang='grc' dir='ltr'>Ι</span> 
     </span>
    </p>
   </div>
   <div class='ocr_carea' id='block_1_21' title="bbox 1835 3246 2305 3370">
    <p class='ocr_par' dir='ltr' id='par_1_22' title="bbox 1835 3246 2305 3370">
     <span class='ocr_line' id='line_1_80' title="bbox 1924 3246 2300 3287; baseline -0.021 -2"><span class='ocrx_word' id='word_1_417' title='bbox 1924 3246 2300 3287; x_wconf 61' lang='lat' dir='ltr'>W</span> 
     </span>
     <span class='ocr_line' id='line_1_81' title="bbox 1835 3296 2305 3370; baseline -0.011 0"><span class='ocrx_word' id='word_1_418' title='bbox 1835 3299 1998 3370; x_wconf 88' lang='lat' dir='ltr'>Sentiens</span> <span class='ocrx_word' id='word_1_419' title='bbox 2049 3297 2133 3368; x_wconf 81' lang='lat' dir='ltr'>Non</span> <span class='ocrx_word' id='word_1_420' title='bbox 2149 3296 2305 3367; x_wconf 88' lang='lat' dir='ltr'>sentiens</span> 
     </span>
    </p>
   </div>
   <div class='ocr_carea' id='block_1_22' title="bbox 1599 3399 2232 3626">
    <p class='ocr_par' dir='ltr' id='par_1_23' title="bbox 1599 3399 2232 3626">
     <span class='ocr_line' id='line_1_82' title="bbox 1841 3399 2232 3491; baseline -0.018 -17"><span class='ocrx_word' id='word_1_421' title='bbox 1841 3401 1990 3483; x_wconf 85' lang='lat' dir='ltr'>Animal</span> <span class='ocrx_word' id='word_1_422' title='bbox 2110 3399 2232 3491; x_wconf 87' lang='lat' dir='ltr'>planta</span> 
     </span>
     <span class='ocr_line' id='line_1_83' title="bbox 1599 3504 2147 3626; baseline -0.007 -1"><span class='ocrx_word' id='word_1_423' title='bbox 1599 3504 2147 3626; x_wconf 56' lang='lat' dir='ltr'>lautissimorum</span> 
     </span>
    </p>
   </div>
   <div class='ocr_carea' id='block_1_23' title="bbox 1316 3651 2376 4491">
    <p class='ocr_par' dir='ltr' id='par_1_24' title="bbox 1597 3651 2234 3854">
     <span class='ocr_line' id='line_1_84' title="bbox 1597 3651 2234 3739; baseline -0.013 -9"><span class='ocrx_word' id='word_1_424' title='bbox 1597 3659 1718 3730; x_wconf 83' lang='lat' dir='ltr'>Homo</span> <span class='ocrx_word' id='word_1_425' title='bbox 1993 3655 2087 3739; x_wconf 88' lang='lat' dir='ltr'>Bos,</span> <span class='ocrx_word' id='word_1_426' title='bbox 2114 3651 2234 3726; x_wconf 89' lang='lat' dir='ltr'>asinus</span> 
     </span>
     <span class='ocr_line' id='line_1_85' title="bbox 1600 3757 2160 3854; baseline 0.002 -27"><span class='ocrx_word' id='word_1_427' title='bbox 1600 3760 1771 3854; x_wconf 85' lang='lat' dir='ltr'>Virgilius</span> <span class='ocrx_word' id='word_1_428' title='bbox 1995 3757 2064 3828; x_wconf 83' lang='lat' dir='ltr'>Hic</span> <span class='ocrx_word' id='word_1_429' title='bbox 2082 3757 2160 3828; x_wconf 88' lang='lat' dir='ltr'>bos.</span> 
     </span>
    </p>

    <p class='ocr_par' dir='ltr' id='par_1_25' title="bbox 1316 3873 2307 4084">
     <span class='ocr_line' id='line_1_86' title="bbox 1419 3873 2307 3973; baseline -0.014 -18"><span class='ocrx_word' id='word_1_430' title='bbox 1419 3883 1460 3955; x_wconf 89' lang='lat' dir='ltr'>ln</span> <span class='ocrx_word' id='word_1_431' title='bbox 1488 3882 1584 3955; x_wconf 89' lang='lat' dir='ltr'>hunc</span> <span class='ocrx_word' id='word_1_432' title='bbox 1615 3881 1779 3953; x_wconf 91' lang='lat' dir='ltr'>ordinem</span> <span class='ocrx_word' id='word_1_433' title='bbox 1814 3879 1933 3973; x_wconf 91' lang='lat' dir='ltr'>digere</span> <span class='ocrx_word' id='word_1_434' title='bbox 1966 3892 2002 3948; x_wconf 92' lang='lat' dir='ltr'>et</span> <span class='ocrx_word' id='word_1_435' title='bbox 2027 3873 2307 3951; x_wconf 88' lang='lat' dir='ltr'>substantiarum</span> 
     </span>
     <span class='ocr_line' id='line_1_87' title="bbox 1316 3985 2034 4084; baseline -0.006 -26"><span class='ocrx_word' id='word_1_436' title='bbox 1316 4000 1456 4084; x_wconf 86' lang='lat' dir='ltr'>partes,</span> <span class='ocrx_word' id='word_1_437' title='bbox 1481 4000 1523 4057; x_wconf 90' lang='lat' dir='ltr'>ut</span> <span class='ocrx_word' id='word_1_438' title='bbox 1537 4010 1685 4069; x_wconf 89' lang='lat' dir='ltr'>manus,</span> <span class='ocrx_word' id='word_1_439' title='bbox 1710 3985 1838 4078; x_wconf 87' lang='lat' dir='ltr'>pedes,</span> <span class='ocrx_word' id='word_1_440' title='bbox 1860 3995 2034 4054; x_wconf 87' lang='lat' dir='ltr'>ventrem.</span> 
     </span>
    </p>

    <p class='ocr_par' dir='ltr' id='par_1_26' title="bbox 1317 4078 2376 4491">
     <span class='ocr_line' id='line_1_88' title="bbox 1420 4078 2310 4185; baseline -0.016 -24"><span class='ocrx_word' id='word_1_441' title='bbox 1420 4091 1573 4185; x_wconf 83' lang='lat' dir='ltr'>Reliqua</span> <span class='ocrx_word' id='word_1_442' title='bbox 1602 4087 1892 4181; x_wconf 88' lang='lat' dir='ltr'>praedicamenta</span> <span class='ocrx_word' id='word_1_443' title='bbox 1917 4083 2007 4168; x_wconf 90' lang='lat' dir='ltr'>tria,</span> <span class='ocrx_word' id='word_1_444' title='bbox 2038 4094 2123 4155; x_wconf 91' lang='lat' dir='ltr'>sunt</span> <span class='ocrx_word' id='word_1_445' title='bbox 2146 4078 2310 4151; x_wconf 88' lang='lat' dir='ltr'>acciden-</span> 
     </span>
     <span class='ocr_line' id='line_1_89' title="bbox 1318 4179 2310 4281; baseline -0.015 -15"><span class='ocrx_word' id='word_1_446' title='bbox 1318 4196 1408 4266; x_wconf 89' lang='lat' dir='ltr'>tium</span> <span class='ocrx_word' id='word_1_447' title='bbox 1429 4193 1585 4265; x_wconf 88' lang='lat' dir='ltr'>ordines.</span> <span class='ocrx_word' id='word_1_448' title='bbox 1636 4189 1897 4272; x_wconf 68' lang='lat' dir='ltr'>aeduenses,</span> <span class='ocrx_word' id='word_1_449' title='bbox 1923 4187 2021 4281; x_wconf 90' lang='lat' dir='ltr'>quod</span> <span class='ocrx_word' id='word_1_450' title='bbox 2036 4184 2087 4253; x_wconf 88' lang='lat' dir='ltr'>ita</span> <span class='ocrx_word' id='word_1_451' title='bbox 2103 4179 2310 4256; x_wconf 80' lang='lat' dir='ltr'>substantiis</span> 
     </span>
     <span class='ocr_line' id='line_1_90' title="bbox 1318 4281 2376 4385; baseline -0.018 -15"><span class='ocrx_word' id='word_1_452' title='bbox 1318 4297 1482 4381; x_wconf 86' lang='lat' dir='ltr'>additur,</span> <span class='ocrx_word' id='word_1_453' title='bbox 1498 4309 1549 4385; x_wconf 88' lang='lat' dir='ltr'>ut</span> <span class='ocrx_word' id='word_1_454' title='bbox 1571 4318 1696 4365; x_wconf 91' lang='lat' dir='ltr'>earum</span> <span class='ocrx_word' id='word_1_455' title='bbox 1717 4305 1867 4365; x_wconf 89' lang='lat' dir='ltr'>naturas</span> <span class='ocrx_word' id='word_1_456' title='bbox 1885 4313 1961 4359; x_wconf 92' lang='lat' dir='ltr'>non</span> <span class='ocrx_word' id='word_1_457' title='bbox 1977 4286 2102 4357; x_wconf 88' lang='lat' dir='ltr'>variet.</span> <span class='ocrx_word' id='word_1_458' title='bbox 2153 4281 2310 4353; x_wconf 89' lang='lat' dir='ltr'>Ordines</span> <span class='ocrx_word' id='word_1_459' title='bbox 2374 4335 2376 4338; x_wconf 82' lang='lat'>-</span> 
     </span>
     <span class='ocr_line' id='line_1_91' title="bbox 1317 4391 2309 4491; baseline -0.019 -21"><span class='ocrx_word' id='word_1_460' title='bbox 1317 4415 1390 4472; x_wconf 88' lang='lat' dir='ltr'>tres</span> <span class='ocrx_word' id='word_1_461' title='bbox 1409 4413 1510 4472; x_wconf 87' lang='lat' dir='ltr'>sunt:</span> <span class='ocrx_word' id='word_1_462' title='bbox 1563 4396 1775 4491; x_wconf 82' lang='lat' dir='ltr'>Quantitas,</span> <span class='ocrx_word' id='word_1_463' title='bbox 1800 4391 1986 4489; x_wconf 80' lang='lat' dir='ltr'>Qualitas,</span> <span class='ocrx_word' id='word_1_464' title='bbox 2011 4401 2193 4458; x_wconf 90' lang='lat' dir='ltr'>eteorum</span> <span class='ocrx_word' id='word_1_465' title='bbox 2215 4405 2309 4478; x_wconf 88' lang='lat' dir='ltr'>quae</span> 
     </span>
    </p>
   </div>
   <div class='ocr_carea' id='block_1_24' title="bbox 1317 4499 2310 4700">
    <p class='ocr_par' dir='ltr' id='par_1_27' title="bbox 1317 4499 2310 4700">
     <span class='ocr_line' id='line_1_92' title="bbox 1317 4499 1711 4576; baseline -0.013 -2"><span class='ocrx_word' id='word_1_466' title='bbox 1317 4506 1522 4576; x_wconf 80' lang='lat' dir='ltr'>referuntur</span> <span class='ocrx_word' id='word_1_467' title='bbox 1539 4502 1585 4571; x_wconf 88' lang='lat' dir='ltr'>ad</span> <span class='ocrx_word' id='word_1_468' title='bbox 1601 4499 1711 4570; x_wconf 88' lang='lat' dir='ltr'>aliud.</span> 
     </span>
     <span class='ocr_line' id='line_1_93' title="bbox 1369 4586 2310 4700; baseline -0.022 -23"><span class='ocrx_word' id='word_1_469' title='bbox 1369 4605 1562 4700; x_wconf 89' lang='lat' dir='ltr'>Quantitas</span> <span class='ocrx_word' id='word_1_470' title='bbox 1583 4616 1635 4674; x_wconf 90' lang='lat' dir='ltr'>est</span> <span class='ocrx_word' id='word_1_471' title='bbox 1658 4624 1779 4671; x_wconf 89' lang='lat' dir='ltr'>rerum</span> <span class='ocrx_word' id='word_1_472' title='bbox 1802 4611 1878 4668; x_wconf 91' lang='lat' dir='ltr'>tum</span> <span class='ocrx_word' id='word_1_473' title='bbox 1903 4595 2112 4688; x_wconf 88' lang='lat' dir='ltr'>longitudo,</span> <span class='ocrx_word' id='word_1_474' title='bbox 2137 4603 2214 4661; x_wconf 90' lang='lat' dir='ltr'>tum</span> <span class='ocrx_word' id='word_1_475' title='bbox 2229 4586 2310 4658; x_wconf 85' lang='lat' dir='ltr'>lati·</span> 
     </span>
    </p>
   </div>
   <div class='ocr_carea' id='block_1_25' title="bbox 1422 4700 1940 4797">
    <p class='ocr_par' dir='ltr' id='par_1_28' title="bbox 1422 4700 1940 4797">
     <span class='ocr_line' id='line_1_94' title="bbox 1422 4700 1940 4797; baseline -0.015 -17"><span class='ocrx_word' id='word_1_476' title='bbox 1422 4710 1529 4791; x_wconf 89' lang='lat' dir='ltr'>tudo,</span> <span class='ocrx_word' id='word_1_477' title='bbox 1554 4720 1632 4778; x_wconf 92' lang='lat' dir='ltr'>tum</span> <span class='ocrx_word' id='word_1_478' title='bbox 1651 4700 1888 4797; x_wconf 78' lang='lat' dir='ltr'>profunditas.</span> <span class='ocrx_word' id='word_1_479' title='bbox 1938 4754 1940 4759; x_wconf 85' lang='lat'><em>-</em></span> 
     </span>
    </p>
   </div>
   <div class='ocr_carea' id='block_1_26' title="bbox 1572 4822 2185 5142">
    <p class='ocr_par' dir='ltr' id='par_1_29' title="bbox 1572 4822 2185 5142">
     <span class='ocr_line' id='line_1_95' title="bbox 1572 4822 2057 4961; baseline -0.021 -34"><span class='ocrx_word' id='word_1_480' title='bbox 1572 4822 1695 4927; x_wconf 89' lang='lat' dir='ltr'>Ordo</span> <span class='ocrx_word' id='word_1_481' title='bbox 1730 4850 2057 4961; x_wconf 74' lang='lat' dir='ltr'>quantitatum.</span> 
     </span>
     <span class='ocr_line' id='line_1_96' title="bbox 1713 4966 1933 5067; baseline -0.009 -21"><span class='ocrx_word' id='word_1_482' title='bbox 1713 4971 1916 5067; x_wconf 88' lang='lat' dir='ltr'>Quantitas.</span> <span class='ocrx_word' id='word_1_483' title='bbox 1931 4966 1933 4970; x_wconf 61' lang='grc'><strong>’</strong></span> 
     </span>
     <span class='ocr_line' id='line_1_97' title="bbox 2022 5066 2185 5142; baseline -0.031 0"><span class='ocrx_word' id='word_1_484' title='bbox 2022 5066 2185 5142; x_wconf 85' lang='lat' dir='ltr'>Discreta</span> 
     </span>
    </p>
   </div>
   <div class='ocr_carea' id='block_1_27' title="bbox 2023 5172 2300 5255">
    <p class='ocr_par' dir='ltr' id='par_1_30' title="bbox 2023 5172 2300 5255">
     <span class='ocr_line' id='line_1_98' title="bbox 2023 5172 2300 5255; baseline -0.018 -9"><span class='ocrx_word' id='word_1_485' title='bbox 2023 5172 2204 5246; x_wconf 87' lang='lat' dir='ltr'>Numerus</span> <span class='ocrx_word' id='word_1_486' title='bbox 2298 5250 2300 5255; x_wconf 48' lang='grc'><strong>,</strong></span> 
     </span>
    </p>
   </div>
   <div class='ocr_carea' id='block_1_28' title="bbox 1316 5079 1592 5481">
    <p class='ocr_par' dir='ltr' id='par_1_31' title="bbox 1316 5079 1592 5481">
     <span class='ocr_line' id='line_1_99' title="bbox 1316 5079 1551 5153; baseline -0.03 1"><span class='ocrx_word' id='word_1_487' title='bbox 1316 5090 1318 5095; x_wconf 83' lang='grc'><strong>’</strong></span> <span class='ocrx_word' id='word_1_488' title='bbox 1371 5079 1551 5153; x_wconf 82' lang='lat' dir='ltr'>Gontiana</span> 
     </span>
     <span class='ocr_line' id='line_1_100' title="bbox 1368 5182 1483 5253; baseline -0.026 0"><span class='ocrx_word' id='word_1_489' title='bbox 1368 5182 1483 5253; x_wconf 84' lang='lat' dir='ltr'>Linea</span> 
     </span>
     <span class='ocr_line' id='line_1_101' title="bbox 1372 5282 1592 5379; baseline 0.005 -21"><span class='ocrx_word' id='word_1_490' title='bbox 1372 5282 1592 5379; x_wconf 84' lang='lat' dir='ltr'>Superlicies.</span> 
     </span>
     <span class='ocr_line' id='line_1_102' title="bbox 1359 5380 1579 5481; baseline -0.014 -21"><span class='ocrx_word' id='word_1_491' title='bbox 1359 5380 1514 5481; x_wconf 50' lang='lat' dir='ltr'>&#39;Corpus</span> <span class='ocrx_word' id='word_1_492' title='bbox 1576 5392 1579 5397; x_wconf 80' lang='grc'><strong>’</strong></span> 
     </span>
    </p>
   </div>
   <div class='ocr_carea' id='block_1_29' title="bbox 1335 5513 1540 5527">
    <p class='ocr_par' dir='ltr' id='par_1_32' title="bbox 1335 5513 1540 5527">
     <span class='ocr_line' id='line_1_103' title="bbox 1335 5513 1540 5527; baseline -0.015 -1"><span class='ocrx_word' id='word_1_493' title='bbox 1335 5518 1424 5527; x_wconf 59' lang='grc' dir='ltr'><strong><em>...ψ-</em></strong></span> <span class='ocrx_word' id='word_1_494' title='bbox 1444 5513 1540 5524; x_wconf 67' lang='lat' dir='ltr'>-..a-n-</span> 
     </span>
    </p>
   </div>
   <div class='ocr_carea' id='block_1_30' title="bbox 1360 5550 1907 5705">
    <p class='ocr_par' dir='ltr' id='par_1_33' title="bbox 1360 5550 1907 5705">
     <span class='ocr_line' id='line_1_104' title="bbox 1360 5550 1905 5635; baseline -0.017 -7"><span class='ocrx_word' id='word_1_495' title='bbox 1360 5577 1394 5628; x_wconf 83' lang='lat' dir='ltr'>ts</span> <span class='ocrx_word' id='word_1_496' title='bbox 1425 5550 1526 5625; x_wconf 74' lang='lat' dir='ltr'>annot.</span> <span class='ocrx_word' id='word_1_497' title='bbox 1543 5583 1650 5635; x_wconf 57' lang='lat' dir='ltr'>netga</span> <span class='ocrx_word' id='word_1_498' title='bbox 1675 5570 1742 5623; x_wconf 76' lang='lat' dir='ltr'>asu</span> <span class='ocrx_word' id='word_1_499' title='bbox 1761 5567 1905 5620; x_wconf 67' lang='lat' dir='ltr'>riennes</span> 
     </span>
     <span class='ocr_line' id='line_1_105' title="bbox 1362 5634 1907 5705; baseline -0.018 -10"><span class='ocrx_word' id='word_1_500' title='bbox 1362 5647 1395 5696; x_wconf 85' lang='lat' dir='ltr'>u</span> <span class='ocrx_word' id='word_1_501' title='bbox 1427 5644 1533 5694; x_wconf 67' lang='lat' dir='ltr'>Arest·</span> <span class='ocrx_word' id='word_1_502' title='bbox 1547 5648 1651 5705; x_wconf 56' lang='lat' dir='ltr'>ussus</span> <span class='ocrx_word' id='word_1_503' title='bbox 1676 5636 1744 5691; x_wconf 73' lang='lat' dir='ltr'>besl</span> <span class='ocrx_word' id='word_1_504' title='bbox 1761 5634 1907 5688; x_wconf 67' lang='lat' dir='ltr'>um.</span> 
     </span>
    </p>
   </div>
   <div class='ocr_carea' id='block_1_31' title="bbox 0 0 2588 6516">
    <p class='ocr_par' dir='ltr' id='par_1_34' title="bbox 0 0 2588 6516">
     <span class='ocr_line' id='line_1_106' title="bbox 0 0 2588 6516; baseline 0 0"><span class='ocrx_word' id='word_1_505' title='bbox 0 0 2588 6516; x_wconf 95' lang='lat' dir='ltr'> </span> 
     </span>
    </p>
   </div>
  </div>
 </body>
</html>
