5125 6525
140 421 218 506 481
415 417 476 495 lll.
525 355 593 493 ult
619 418 897 496 mertone:
922 419 990 493 ET
1017 417 1371 498 cononnrtonss
1395 415 1576 492 canott
1599 417 1643 492 V.
1671 415 1910 530 mlqstlltls.
1936 430 1951 457 ⁸
2047 407 2052 416 ’
2105 419 2180 496 482

246 589 324 668 Tot
337 590 449 684 igitur
461 592 633 685 exemplis
646 591 860 690 tristissimis
881 592 1031 679 moniti,
1057 617 1138 686 per·
1189 594 1323 666 tuenda
1344 589 1475 662 indicia
1499 591 1538 661 in
1560 589 1733 683 imperio,
1767 603 1804 662 et
1824 589 2107 684 pax'municnda
2124 593 2181 664 sit.

142 695 362 770 tinacissime
383 696 478 766 tucri
499 696 731 766 concordiam
754 697 945 781 debemus,
976 720 1138 788 praeser-
1188 693 1235 767 Et
1262 706 1349 768 sunt
1380 694 1450 764 alia
1474 694 1609 780 multa,
1647 694 1849 790 dequibus
1876 694 2019 786 expedit
2041 704 2181 766 nostras

141 799 212 872 tim
235 794 306 869 hoc
327 810 514 891 tempore,
546 824 626 869 cum
643 798 786 869 Tuscae
807 798 914 869 nobis
926 798 1059 870 bellum
1076 800 1138 869 dc·
1190 799 1381 891 opiniones
1402 798 1575 870 conferre.
1627 794 1746 869 Locus
1767 795 1941 890 imposuit
1956 792 2047 866 mihi
2062 820 2181 870 neccs-

137 895 333 974 nuntiant:
367 901 637 988 comminantur
659 925 696 974 se
712 925 788 974 non
802 904 914 972 modo
931 901 1138 996 imperium,
1188 900 1329 973 sitatem
1350 900 1511 985 dicendi,
1539 913 1574 970 et
1588 894 1815 971 inchoandae
1830 895 1938 974 huius
1952 898 2181 972 deliberatio·

136 1005 425 1079 sedlibertatem
442 1004 701 1095 etreligiouer'n
718 1016 904 1097 erepturus
921 1027 1007 1077 esse.
1058 1001 1137 1076 Etsi
1187 1002 1256 1075 nis.
1314 1003 1504 1076 Caeterum
1518 1091 1524 1103 ι
1539 1027 1661 1073 meum
1694 1001 1866 1095 iudicium
1897 1028 1975 1091 non
2007 1003 2180 1088 antefero,

140 1118 265 1180 'amem
283 1105 518 1178 iureiurando
534 1119 652 1179 vestro
666 1115 894 1201 prospectum
912 1120 976 1190 est,
1000 1129 1048 1176 ne
1064 1129 1136 1202 qna
1188 1130 1324 1201 rosque
1347 1129 1415 1197 pro
1431 1106 1616 1177 excellenti
1630 1104 1807 1199 sapientia
1822 1118 1857 1178 et
1872 1100 2048 1201 gravitate
2063 1118 2181 1177 vestra

142 1210 274 1283 seditio
302 1209 463 1295 oriatur,
496 1210 636 1282 etiamsi
667 1210 835 1301 suffragia
857 1234 934 1280 non
960 1210 1138 1281 consenti·
1187 1208 1261 1282 scio
1277 1208 1402 1280 venire
1416 1205 1486 1280 huc
1501 1220 1648 1303 paratos
1662 1221 1698 1279 et
1712 1209 1916 1283 meditatos.
1932 1258 1934 1262 -
1961 1209 2085 1306 Quare
2102 1233 2181 1280 sen-

142 1325 244 1384 rent:
283 1323 406 1383 tamen
436 1334 500 1384 ros
520 1312 589 1408 ipsi
610 1312 807 1405 intelligitis
815 1357 832 1398 ,·
859 1313 1055 1406 plurimum
1080 1334 1137 1382 re·
1188 1310 1319 1383 untias
1351 1324 1489 1384 vestras
1521 1312 1647 1383 audire
1680 1314 1836 1384 maxime
1873 1312 2002 1406 cupio,
2045 1336 2180 1406 vosque

142 1417 260 1499 terre,
303 1426 346 1486 nt
372 1438 519 1507 prorsus
545 1416 774 1488 consentiant
794 1416 978 1509 suffragia.
1041 1415 1135 1489 Nam
1187 1437 1299 1507 rogo,
1332 1427 1374 1486 ut
1399 1416 1601 1485 orationem
1623 1437 1742 1485 meam
1763 1416 1962 1509 prolectam
1987 1416 2032 1486 ab
2056 1414 2179 1488 animo

145 1516 344 1613 quamlibet
371 1518 460 1588 levit
487 1517 682 1602 dissensio,
715 1532 837 1590 tamus
867 1521 1000 1591 multas
1020 1520 1059 1588 in
1082 1542 1137 1588 re·
1189 1529 1224 1588 et
1251 1530 1396 1588 amante
1426 1517 1665 1609 reipublicae,
1704 1530 1740 1588 et
1767 1519 1811 1589 de
1834 1518 1938 1592 vobis
1959 1531 2122 1588 amanter
2145 1531 2181 1588 et

140 1618 362 1712 buspublicis
383 1621 659 1693 deliberationes
677 1623 851 1713 impedit,
879 1635 915 1693 et
932 1646 1037 1716 saepe
1052 1617 1137 1692 hor·
1187 1616 1385 1692 honorilice
1405 1622 1599 1706 sentiente,
1623 1619 1712 1691 boni
1725 1620 1930 1694 consulatis.
1967 1619 2047 1693 Etsi
2059 1633 2180 1692 autem

143 1721 267 1795 sibiles
294 1733 416 1795 motus
442 1724 552 1815 parit.
610 1723 686 1797 Nec
718 1727 866 1808 desunt,
900 1725 962 1820 qui
992 1735 1139 1818 captant
1188 1724 1338 1795 fortasse
1354 1747 1428 1793 uon
1441 1723 1640 1796 necessaria
1655 1723 1724 1794 fuit
1737 1717 1827 1794 haec
1844 1719 2069 1802 cohortatio;
2093 1723 2180 1791 novi

141 1849 272 1897 omnes
295 1825 500 1897 occasiones
521 1823 775 1898 distrahendae
790 1827 1008 1899 Germaniae
1026 1829 1066 1897 in
1084 1827 1138 1896 di·
1189 1825 1286 1896 enim
1319 1826 1521 1898 voluntates
1549 1838 1704 1911 vestras,
1738 1851 1780 1896 ac
1805 1850 1910 1919 saepe
1934 1824 2095 1919 comperi
2115 1848 2179 1898 vos

143 1951 266 2028 versas
291 1939 424 2020 partes.
474 1927 630 1999 Multum
656 1941 776 2000 autem
799 1934 844 2001 ad
862 1931 942 2002 illos
956 1933 1138 2002 deterren-
1189 1929 1403 2000 concordiae
1427 1930 1590 2022 publicae
1610 1929 1861 2023 cupidissimos
1882 1954 1976 2013 csse,
2008 1942 2044 1999 et
2065 1927 2177 1999 multa

144 2031 211 2101 dos
230 2032 439 2122 profuturus
464 2043 516 2102 est
545 2057 736 2105 consensus
764 2047 906 2114 noster;
938 2034 1136 2127 plurimum
1188 2057 1256 2105 nos
1278 2033 1422 2103 foedera
1448 2036 1693 2127 coniungunt,
1718 2034 1907 2124 cognatio,
1932 2030 2083 2104 societas
2097 2030 2180 2100 reli·
2234 2065 2236 2071 ·

145 2132 255 2203 etiam
280 2133 407 2202 afferet
427 2136 602 2204 momenti
630 2138 675 2204 ad
699 2137 902 2209 voluntates
932 2138 1136 2232 principum
1188 2136 1326 2228 gionis,
1360 2148 1396 2206 et
1418 2130 1525 2210 huius
1546 2136 1663 2208 nostri
1684 2134 1896 2228 amplissimi
1917 2134 2083 2227 Collegii:
2126 2147 2179 2202 ta·-

139 2239 189 2320 aj't
206 2235 333 2328 populi
349 2236 567 2307 Germaniae
594 2239 640 2308 ad
664 2252 825 2311 nostram
844 2241 1058 2312 sententiam
1075 2242 1138 2310 ad·
1188 2263 1272 2310 men
1303 2235 1388 2309 huic
1420 2240 1576 2331 tempori
1608 2239 1798 2320 videbatur
1823 2251 1909 2330 apta
1933 2233 2023 2308 haec
2048 2236 2178 2308 oratio.

144 2339 355 2430 iungendas.
405 2361 408 2366 ·
573 2354 579 2370 ⁴
1187 2339 1294 2414 Nunc
1322 2341 1419 2412 enim
1444 2343 1510 2411 toti
1534 2341 1615 2413 orbi
1636 2352 1816 2411 terrarum
1836 2340 1992 2412 maxime
2015 2363 2106 2434 opus
2126 2349 2191 2410 est·

131 2459 159 2488 -·
246 2441 412 2533 Cogitate
426 2442 591 2512 omnium
606 2441 748 2535 Regum
766 2466 809 2513 ac
822 2443 1034 2537 Principum
1054 2467 1138 2515 ocu-
1187 2456 1314 2515 nostro
1335 2466 1522 2515 consensu.

142 2543 199 2613 los
221 2542 261 2612 in
282 2559 350 2614 uos
374 2565 449 2614 esse
473 2544 673 2630 coniectos,
700 2544 763 2640 qui
783 2569 860 2615 non
883 2549 992 2617 modo
1019 2548 1064 2617 dc
1082 2569 1139 2630 eo,
1291 2544 1389 2615 Haec
1422 2568 1502 2615 cum
1538 2544 1683 2617 dixisset
1707 2543 1962 2635 Moguntinus,
2000 2544 2181 2636 congressi

144 2644 308 2742 quisquis
331 2643 461 2716 electus
481 2646 611 2732 fuerit,
643 2647 706 2718 sed
726 2648 770 2719 dc
792 2647 897 2720 nobis
916 2649 1024 2720 ctiam
1045 2648 1139 2720 iudi·
1188 2646 1319 2741 reliqui
1334 2647 1537 2732 Electorcs,
1561 2647 1718 2718 breviter
1736 2647 2010 2741 colloquuntur;
2039 2658 2075 2716 et
2097 2670 2180 2716 cum

144 2747 240 2819 cium
261 2746 411 2818 facient:
447 2771 495 2817 an
519 2749 733 2842 gravimtem
756 2762 895 2821 tantam
919 2751 1139 2845 praestiteri·
1189 2746 1482 2821 adhortationem
1507 2752 1551 2819 de
1577 2751 1765 2820 retinenda
1792 2749 1985 2820 concordia
2012 2749 2051 2819 in
2076 2761 2179 2819 tanto

140 2875 257 2950 mus,¹
274 2861 409 2947 quauta
431 2849 469 2920 in
488 2847 559 2921 hoc
577 2868 721 2924 summo
743 2853 894 2927 consilio
912 2857 1010 2926 orbis
1026 2868 1139 2925 terra·
1189 2852 1335 2946 publico
1368 2852 1529 2946 periculo
1567 2852 1807 2944 gratissimam
1833 2852 1902 2924 sibi
1925 2852 2034 2926 fuisse
2060 2864 2181 2924 osten·

141 2977 227 3025 rum
250 2952 466 3049 'requisitum
496 2978 543 3024 an
564 2955 673 3027 saluti
694 2955 791 3028 orbis
816 2971 992 3029 terrarum
1012 2981 1139 3030 consu·
1188 2958 1302 3035 dunt;
1343 2967 1418 3027 tum
1444 2980 1531 3025 vero
1552 2956 1765 3048 sapientiam
1791 2954 1998 3047 Moguntini
2018 2955 2181 3036 laudant,

140 3055 464 3164 lethaeolnerimus,
488 3069 551 3127 aut
565 3057 716 3150 privatis
730 3060 985 3153 cupiditatibus
998 3085 1137 3131 morem
1189 3060 1288 3155 quod
1307 3070 1342 3129 et
1355 3061 1429 3130 dux
1442 3058 1577 3151 publici
1593 3083 1786 3131 consensus
1805 3071 1917 3141 esset,
1945 3071 1982 3130 et
2003 3070 2180 3129 monstra·

140 3158 368 3258 getigmmns.
419 3158 466 3229 Et
481 3182 549 3231 uos
567 3161 713 3256 quidem
726 3187 804 3232 non
821 3164 930 3232 modo
947 3157 1137 3234 hominum
1189 3173 1245 3233 ret
1258 3162 1376 3245 viam,
1400 3187 1471 3257 qua
1487 3161 1660 3234 dissensio
1684 3173 1891 3245 caveretur,
1922 3184 2032 3254 seque
2055 3182 2181 3231 omnes

143 3235 297 3348 match,
327 3260 393 3335 sed
425 3265 541 3334 multo
574 3264 689 3358 magis
718 3264 836 3338 Deum
870 3278 996 3338 testem
1030 3279 1139 3365 atque
1189 3268 1405 3359 profitentur
1431 3264 1596 3336 assentiri
1619 3264 1735 3334 dictae
1760 3287 1780 3332 a
1803 3260 2019 3354 Moguntino
2039 3275 2181 3349 senten·

145 3364 321 3436 arbitrum
349 3361 480 3436 harum
505 3378 713 3438 nostrarum
742 3367 999 3460 cogitationum
1021 3371 1140 3441 vereri
1190 3370 1282 3450 tiae,
1315 3379 1351 3437 et
1371 3391 1514 3438 summo
1536 3366 1655 3438 studio
1680 3368 1829 3437 daturos
1849 3387 2019 3458 operam,
2043 3388 2090 3437 ne
2110 3366 2181 3439 sut·

144 3468 265 3555 decet,
303 3468 367 3565 qui
395 3492 476 3540 cum
506 3469 666 3562 imperia*
692 3471 917 3543 constituerit
942 3473 989 3542 ad
1020 3473 1141 3542 defen·
1190 3470 1304 3562 fragia
1320 3469 1533 3562 discrepent.
1572 3467 1671 3538 Haec
1691 3469 1816 3539 iubent
1832 3470 2017 3539 communi
2032 3469 2181 3539 nomine

144 3570 284 3644 donem
302 3571 422 3663 pacis,
447 3571 557 3656 iuris,
583 3582 619 3641 et
638 3572 876 3664 religionum,
907 3597 1139 3671 nequaquam
1191 3571 1355 3642 omnium
1378 3573 1450 3642 dici
1475 3597 1495 3642 a
1518 3567 1702 3641 loacbimo
1723 3568 1751 3643 l.
1781 3565 2014 3655 biarchiam,
2053 3573 2112 3642 cui
2137 3573 2181 3642 li·

143 3674 224 3745 vult
250 3696 291 3744 ea
315 3672 504 3749 discordiis
526 3696 602 3743 non
624 3676 833 3748 necessariis
853 3677 1060 3747 labefactari
1078 3689 1141 3748 aut
1190 3675 1318 3745 beuter
1340 3670 1406 3747 has
1421 3674 1563 3745 dicendi
1577 3687 1698 3765 partes
1713 3673 1919 3745 tribuebant
1936 3674 2067 3745 caeteri
2082 3675 2181 3766 prin·

144 3774 326 3869 dissipari.
1192 3777 1287 3869 cipes
1319 3787 1468 3871 propter
1502 3777 1734 3848 excellentem
1771 3776 2028 3870 eloquentiam.
2092 3775 2182 3847 Erat

214 3966 216 3970 Α
250 3876 326 3950 Nec
358 3876 509 3948 dubium
542 3889 595 3950 est
629 3878 764 3951 cultum
789 3878 870 3952 Deo
897 3881 1138 3974 gratissimum
1191 3879 1286 3951 enim
1305 3893 1382 3949 tum
1399 3880 1544 3974 quidem
1560 3904 1601 3950 ea
1617 3880 1731 3952 virtus
1745 3891 1780 3949 et
1794 3879 1952 3971 gravitas
1965 3878 2180 3973 principum,
2262 3912 2277 3933 a
2308 3971 2315 3979 .

145 4004 242 4064 esse,
274 3981 433 4052 studium
460 3981 674 4052 concordiae
701 3984 888 4075 publicae,
928 3985 1138 4078 praesertim
1190 3996 1232 4054 ut
1258 3983 1336 4054 sine
1361 3982 1498 4052 invidia
1523 3983 1673 4074 singulis
1696 3984 1977 4055 concederentur
1998 4006 2083 4055 suae
2103 3983 2181 4054 lau·

147 4104 243 4180 qnae
279 4083 325 4154 ad
361 4083 598 4176 imperiorum
632 4087 941 4159 conservationem
973 4088 1140 4182 pertinet.
1191 4088 1270 4166 dcs;
1303 4110 1370 4155 nec
1391 4111 1520 4179 parum
1535 4086 1582 4155 ad
1597 4108 1825 4157 communem
1842 4086 1994 4158 salutem
2010 4098 2086 4156 tum
2102 4087 2181 4180 qui·

146 4184 269 4283 Quam
286 4186 515 4279 opinionem,
541 4187 608 4259 etsi
626 4190 793 4261 omnibus
809 4185 1017 4263 hominibus
1033 4214 1140 4285 opor·
1192 4190 1273 4260 dem
1297 4187 1453 4281 proluit,
1484 4189 1582 4281 quod
1604 4184 1722 4258 adhuc
1741 4188 1911 4280 privatim
1932 4211 2062 4279 magna
2086 4187 2180 4259 inter

147 4287 220 4360 t'uit
242 4288 388 4359 infixam
411 4312 502 4361 csse:
537 4303 660 4361 tamen
684 4291 782 4364 viros
799 4292 979 4388 principes
996 4293 1047 4363 ita
1065 4319 1141 4363 am·
1190 4317 1228 4364 se
1242 4289 1492 4362 benevolentia
1512 4289 1668 4361 devincti
1685 4302 1808 4375 erant,
1835 4314 1945 4386 quam
1961 4301 1997 4359 et
2010 4289 2181 4380 reipubli-

145 4389 255 4486 plccti
283 4392 402 4477 decet,
443 4405 485 4462 ut
513 4391 552 4462 in
584 4393 737 4485 publicis
766 4394 925 4468 consiliis
952 4421 1139 4493 nunquam
1192 4419 1254 4465 cae
1282 4418 1387 4466 causa
1413 4393 1603 4485 diligenter
1628 4394 1832 4463 tuebantur.
1890 4390 1940 4465 Et
1959 4389 2045 4487 quia
2068 4392 2179 4463 veteri

148 4495 195 4564 ab
216 4517 258 4563 ea
279 4494 487 4579 deflectant,
524 4507 566 4565 ut
590 4520 715 4568 omnes
736 4497 1012 4571 deliberationes
1034 4512 1141 4594 atque
1192 4497 1458 4569 Germanorum
1475 4519 1576 4566 more
1592 4496 1794 4566 sentiebant
1805 4495 1903 4565 bona
1918 4494 1989 4566 fide
2006 4493 2180 4567 amicitias

148 4597 489 4669 actiones-relerant
509 4601 555 4669 ad
573 4622 807 4673 communem
831 4604 1063 4673 concordiam
1084 4626 1141 4672 re·
1193 4601 1361 4672 colendas
1385 4624 1477 4678 esse;
1511 4611 1547 4668 et
1568 4612 1646 4668 erat
1667 4621 1709 4669 ea
1731 4597 1943 4688 magnitudo
1967 4597 2080 4668 animi
2105 4620 2180 4669 non
2255 4598 2258 4605 ’

146 4699 348 4773 tineudam.
379 4698 458 4792 Ego
472 4700 620 4796 quidem
635 4703 729 4774 mori
746 4704 886 4791 malim,
910 4730 1019 4801 quam
1036 4718 1142 4777 autor
1191 4703 1348 4786 solum,'
1369 4715 1409 4773 ut
1437 4701 1596 4794 privatas
1621 4701 1820 4772 simultates
1841 4700 1960 4772 nullas
1981 4699 2181 4773 afferendas

147 4827 224 4879 esse
243 4802 408 4895 publicae
432 4803 529 4875 inter
549 4803 732 4879 Electorcs
754 4809 966 4881 discordiae.
1018 4807 1141 4904 Quare
1193 4830 1267 4878 esse
1291 4805 1337 4876 ad
1359 4804 1501 4897 publica
1525 4803 1673 4877 consilia
1699 4806 1888 4884 ducerent;
1921 4803 2119 4875 sedetiam
2140 4815 2182 4874 ut

146 4905 363 4980 sententiam
389 4930 507 4977 meam
534 4930 574 4977 re
597 4908 777 5002 disputata
800 4912 954 4983 libenter
978 4935 1059 4982 cum
1081 4935 1142 4981 ve-
1192 4909 1310 4981 nullas
1332 4907 1564 4978 admitterent
1586 4907 1626 4977 in
1647 4906 1788 4978 animos
1811 4907 1982 4979 adversus
1997 4917 2181 4997 cognatos,

146 5021 225 5081 stra
241 5008 478 5101 coniungam,
503 5022 544 5081 ut
560 5011 863 5086 consentientibus
879 5013 1080 5105 suffragiis,
1103 5014 1141 5086 id
1192 5011 1401 5104 praesertim
1427 5010 1465 5080 in
1487 5010 1670 5103 republica
1691 5007 1912 5082 coniunctos.
1963 5006 2033 5080 Sed
2053 5008 2099 5078 ab
2112 5003 2182 5079 hac

147 5109 253 5206 quod
264 5109 441 5201 optimum
459 5112 547 5199 crit,
572 5112 651 5184 Deo
667 5113 881 5200 adiuvante,
905 5109 1118 5188 statuamus.
1192 5115 1324 5185 virtute
1362 5127 1537 5209 quantum
1577 5112 1848 5206 degeneraverit
1881 5134 2034 5206 sequens
2072 5123 2182 5203 aetas,

254 5208 373 5281 Velim
391 5213 501 5307 igitur
514 5217 616 5309 prius
632 5241 699 5288 nos
714 5219 758 5287 dc
778 5218 943 5291 universa
959 5219 1140 5312 republica
1190 5242 1268 5288 non
1283 5217 1371 5288 libet
1384 5213 1454 5287 hoc
1468 5219 1548 5287 loco
1565 5238 1863 5288 commemorare.
1894 5213 2068 5287 Videmus
2084 5214 2181 5284 euim

147 5311 329 5409 colloqui,
369 5340 478 5410 mam
512 5318 553 5388 in
581 5319 751 5412 suffragia
777 5333 893 5395 eatur.
952 5313 1021 5395 'Est
1046 5322 1141 5394 euim
1192 5321 1230 5391 in
1261 5321 1384 5393 multis
1413 5319 1553 5413 magnis
1581 5317 1839 5414 rebuapublicis
1861 5317 2010 5391 consilia
2031 5316 2181 5410 privatis

149 5416 410 5511 disputandum
426 5419 554 5506 etiam,
575 5447 729 5517 quarum
747 5448 869 5496 rerum
885 5448 1009 5496 curam
1025 5422 1143 5519 Impe-
1192 5424 1285 5497 odiis
1300 5424 1481 5518 impediri.
1531 5421 1602 5494 Sed
1616 5424 1726 5493 redeo
1743 5423 1790 5492 ad
1803 5418 2006 5493 historiam.

148 5532 312 5593 retorem
325 5521 483 5601 maxime
499 5525 677 5619 suscipere
691 5527 863 5609 velimus;
894 5552 984 5625 quas
999 5528 1144 5623 imperii
1293 5525 1386 5600 Cum
1400 5521 1604 5600 loacbimus
1620 5520 1806 5610 Marchio,
1832 5521 2039 5615 Moguntini
2057 5521 2182 5603 frater,

147 5636 274 5721 partes
293 5626 418 5698 sanari
437 5626 542 5701 initio
558 5652 699 5702 necesse
712 5631 778 5713 sit;
809 5634 995 5728 quomodo
1010 5632 1145 5707 consti·
1192 5630 1337 5704 dixisset
1378 5631 1562 5701 communi
1603 5630 1767 5700 omnium
1806 5626 1975 5711 nomine,
2017 5622 2180 5696 assentiri

204 5738 390 5810 mrsu.
411 5743 518 5811 Orsa.
551 5746 637 5810 von.
658 5746 731 5810 XX
1716 5730 1764 5802 31
