5125 6525
1119 205 1137 238 ζ

250 452 337 535 ⁸⁶⁶
398 551 401 555 ,

363 629 500 699 Graeca
518 625 713 694 foeminina
731 638 832 709 sunt,
858 638 896 696 ut
913 625 1144 708 Pentecoste,
1169 651 1254 701 πεν-

853 451 975 525 run.
1000 450 1114 538 uun
1140 453 1347 539 sonum
1370 429 1710 528 eauoroorcn

1631 221 1684 318 ἐ

2221 453 2312 532 ‘266

1404 625 1472 695 ¹Sal
1487 638 1616 697 neutro
1632 649 1761 718 genere
1779 627 1885 716 vulgo
1898 639 2107 717 usurpatur.
2160 624 2310 699 Veteres

259 727 431 827 τηκοστή.
497 727 684 822 Quaedam
713 741 749 797 et
774 740 922 811 neutra,
954 729 1113 819 Tempe,
1145 742 1256 812 coete,
1310 728 1508 797 masculino
1528 729 1745 808 maluerunt.

261 836 360 929 quod
382 831 521 923 plurale
547 844 600 901 est
620 855 639 898 a
663 826 798 912 κοῖτος.

361 934 522 1005 Pluralia
540 933 734 1002 foeminina
755 946 860 1014 sunt,
887 945 927 1003 ut
942 932 1127 1026 nugae'⁸).

747 1099 773 1172 1.

363 1225 404 1294 ln
425 1226 438 1293 i
454 1237 579 1294 neutra
596 1235 700 1304 sunt,
727 1235 766 1290 ut
784 1218 853 1291 hoc
869 1224 1026 1313 gummi,
1051 1221 1180 1320 sinapi.
1236 1201 1272 1256 ‘l'

363 1327 411 1397 Hi
430 1327 566 1420 obliqui
585 1326 747 1393 omnium
771 1349 940 1416 generum
963 1324 1171 1395 nominibus
1195 1325 1257 1392 ad-

259 1444 464 1525 ponuntur:

414 1547 525 1639 Frugi

417 1650 532 1723 Nauci

713 1546 807 1636 frugi
826 1546 903 1629 vir,
927 1546 1068 1617 dativus
1086 1569 1106 1614 a
1125 1546 1207 1615 srux

713 1648 819 1718 nauci
844 1645 956 1719 homo

415 1748 529 1825 Nihili
672 1830 674 1834 ¹
713 1746 819 1820 nihili
840 1748 956 1823 ¹homo

416 1854 577 1946 Mancipi
714 1849 869 1944 mancipi
898 1880 975 1938 res,
1008 1854 1139 1936 idest,
1174 1878 1257 1944 pro·

260 1959 339 2053 pria
364 1984 431 2029 res.
450 1989 455 1994 ¹
484 1956 672 2028 Genitivus
694 1970 783 2027 esta
809 1958 998 2049 mancipii,
1024 1957 1202 2032 declin.2.
1218 1967 1258 2025 ut

260 2062 448 2134 Lucretius
464 2054 679 2159 [111‚984.]:
714 2058 869 2153 viraque
885 2060 1066 2151 mancipio
1085 2055 1175 2128 nulli
1194 2060 1257 2127 da'·

261 2177 340 2248 tur,
368 2165 534 2234 omnibus
551 2160 688 2254 usum).
837 2203 844 2214 ·

739 2222 892 2351 Q,

365 2401 405 2471 ln
424 2428 446 2469 o
465 2401 658 2473 masculina
674 2414 776 2483 sunt,
800 2414 841 2471 ut
860 2397 918 2470 hic
941 2423 1079 2483 sermo,
1105 2400 1255 2469 ardelio.
1337 2457 1350 2464 ..

273 2569 276 2576 .
363 2504 497 2596 Excipe
518 2528 610 2597 qnae
634 2505 681 2572 do
704 2516 832 2595 surgo
850 2504 996 2585 liniunt,
1022 2527 1114 2597 quae
1130 2503 1256 2571 foemi-

259 2609 345 2682 nina
362 2619 466 2687 sunt,
493 2620 532 2676 ut
550 2602 638 2674 haec
653 2607 823 2688 dulcedo,
851 2607 986 2697 caligo,
1012 2607 1180 2697 ferrugo⁸⁴
1230 2652 1245 2674 ι,

362 2709 465 2780 Ordo
487 2709 724 2780 masculinum
740 2721 804 2780 est.

362 2812 482 2881 Cardo
501 2811 756 2891 masculinum,
783 2812 878 2903 apud
892 2807 1081 2916 Virgilium
1100 2806 1216 2908 [Aen.
1224 2806 1255 2892 1,

147 2919 150 2926 '
260 2911 382 3007 ml:
415 2912 523 2983 -Haud
539 2925 643 2990 tanto
660 2913 809 2983 cessabit
825 2913 969 2982 cardine
986 2936 1136 2983 rerumt·

290 3059 294 3068 ·
338 3087 346 3094 ,
364 3015 494 3086 Pondo
510 3029 697 3098 neutrum,
725 3027 761 3084 et
776 3015 958 3107 singulare
974 3028 1009 3098 et
1020 3012 1240 3111 ,plutalu.⁹l)·.

1310 2928 1427 2997 culum
1435 2926 1496 3020 ⁸⁸).

1772 862 1846 934 En.

1413 983 1591 1055 Neutrum
1608 987 1681 1066 est,
1707 984 1796 1065 mel,
1821 983 1880 1051 fel.

1675 1133 1678 1140 .
1748 1146 1751 1157 ,
1774 1113 1833 1188 [L.

1413 1236 1590 1310 Neutrum
1609 1250 1682 1329 est,
1709 1250 1749 1307 ut
1767 1232 1869 1306 nihil.

1412 1337 1555 1432 Strigil‚
1581 1341 1693 1432 mugil
1709 1340 1903 1412 masculina
1923 1337 2074 1437 sumn).

1769 1474 1846 1547 OL.

1414 1596 1652 1668 Masculinum
1669 1608 1740 1679 est,
1766 1597 1832 1667 sol.

1362 1937 1367 1955 Ι
1412 1850 1675 1936 Masculinum,
1701 1730 1847 1922 conlidi..

1403 1953 1523 2039 ΕΜ,
1550 1979 1740 2024 commune
1757 1966 1819 2025 est.

1767 2090 1851 2160 AM.

1412 2208 1599 2304 Nequam,
1627 2211 1744 2281 omnis
1761 2210 1900 2303 generis
1917 2222 1980 2281 est.
2047 2213 2049 2219 ’

1413 2449 1665 2549 Tantundem,
1692 2480 1873 2562 neutrum.

1413 2567 1605 2653 Totidem,
1630 2571 1747 2670 omnis
1762 2570 1901 2663 generis
1909 2567 1969 2662 ⁸²).

1762 2705 1849 2786 UM.

1411 2824 1549 2895 Neutra
1578 2838 1746 2895 sontum
1778 2826 1956 2909 finienda,
1989 2839 2028 2896 ut
2050 2828 2191 2913 lorum,
2225 2856 2302 2922 epe-

1412 3028 1605 3108 Mulierum
1622 3024 1785 3114 nomina,
1813 3044 1853 3099 ut
1868 3030 2094 3124 Glycerium,
2121 3034 2211 3105 alias
2228 3037 2301 3104 foe·

363 3117 403 3187 ln
424 3119 460 3186 io
478 3119 634 3188 verbalia
657 3118 855 3202 foeminina
877 3131 980 3202 sunl,
996 3131 1047 3212 ,ut
1067 3117 1256 3208 italos-l!-
1309 3133 1449 3202 minino
1466 3132 1582 3227 ant⁸⁴)
1599 3144 1728 3220 neutro
1744 3158 1874 3224 genere
1887 3135 2096 3206 efferuntur.

260 3221 343 3294 ctio.
396 3220 512 3305 Caro¹
540 3220 928 3316 Taliosoemininaffl).
1033 3247 1036 3252 ·
1123 3286 1126 3295 ,
1226 3276 1242 3321 ¹:

363 3496 404 3567 ln
420 3525 443 3568 u
460 3511 585 3567 neutra
605 3512 708 3583 sunt,
735 3512 776 3569 ut
789 3496 858 3568 hoc
873 3524 996 3568 cornu.

738 3651 779 3722 C.

364 3767 405 3837 ln
422 3795 441 3835 c
458 3780 585 3837 neutra
603 3783 705 3851 sunt,
731 3764 855 3838 ut'hoc
870 3771 945 3852 lae,
972 3766 1040 3838 hoc
1054 3761 1166 3840 lralec.

260 3974 450 4044 Martialis.

724 4073 799 4145 AL.

366 4194 406 4265 ln
429 4198 464 4265 al
486 4210 613 4267 neutra
638 4210 741 4276 sunt,
775 4209 815 4265 ut
843 4197 993 4288 vectigal
1006 4170 1088 4293 ⁸⁰)ss·
1123 4170 1253 4269 ctce'lt

260 4300 409 4390 [Parad.
424 4295 503 4398 6.];
534 4300 619 4371 Non
634 4300 838 4389 intelligunt
853 4297 1029 4382 homines,
1052 4326 1160 4394 quam
1178 4326 1254 4370 ma·
1306 4260 1464 4359 rlnec').

260 4427 369 4495 gnum
389 4404 435 4474 sit
454 4403 604 4493 vectigal
623 4401 856 4493 parsimonia.

227 4669 230 4675 Ι
295 4705 346 4761 26)
365 4709 394 4753 ut
414 4701 523 4768 nugae]
543 4706 578 4753 ot)
597 4705 646 4756 Ed.
667 4703 742 4754 1526.
760 4703 869 4756 absunt.

294 4792 344 4850 27)
363 4791 481 4852 Muncipi
501 4817 535 4828 -
554 4787 628 4856 usu]
647 4792 742 4840 horum
761 4792 819 4840 loco
834 4791 861 4838 iu
878 4790 961 4842 aaut.
976 4789 1067 4854 totu,
1093 4804 1116 4838 s.
1131 4801 1156 4841 a.
1175 4790 1255 4841 extu-

1767 3271 1845 3343 AN.

1321 3430 1344 3481 ;.
1383 3386 1454 3461 ‚In
1471 3389 1731 3485 anmasculina
1748 3405 1844 3475 sunt,
1871 3405 1907 3461 et
1918 3393 2069 3477 Graeca,
2084 3390 2154 3463 'hic
2168 3393 2300 3464 Paean.

1764 3527 1840 3601 EN.
1857 3553 1862 3559 ·

1300 3651 1303 3660 '
1407 3615 1452 3717 ln
1477 3672 1521 3719 en
1546 3654 1671 3718 neutra
1695 3662 1798 3733 sunt,
1825 3663 1864 3720 ut
1886 3604 2117 3721 lr'ocll'rimen.
2168 3603 2299 3745 Excipe

1306 3746 1529 3834 Masculina,
1563 3749 1684 3843 Lyen,
1718 3753 1839 3845 splen,
1876 3777 1960 3839 reu,
1984 3753 2202 3853 Hymen⁸⁸),
2236 3781 2298 3825 nu-

363 3869 431 3941 Scd
467 3868 624 3939 halecem
656 3873 763 3940 etiam
790 3871 990 3940 foeminino
1015 3888 1144 3985 genere
1166 3861 1256 3943 dixit
1308 3854 1427 3947 Pllillss
1453 3848 1620 3946 hymnus·
1698 3853 1700 3856 γ

1410 3957 1502 4027 Sunt
1526 3957 1776 4049 et„masculina
1798 3966 1817 4026 a
1835 3960 2160 4053 canocomposita,
2188 3976 2228 4032 ut
2243 3961 2297 4031 Pi·

1308 4052 1432 4143 ace-en,
1449 4046 1612 4155 sintela,
1639 4061 1794 4131 tubicem

1313 4164 1330 4249 ⁵.
1350 4170 1352 4175 ’
1410 4163 1525 4257 Syre'ri
1538 4158 1789 4246 foemininum,
1815 4167 2054 4258 adgenerales
2068 4168 2207 4259 regulas
2220 4192 2298 4260 per-

1409 4370 1571 4453 Flamen,
1596 4362 1798 4440 Sacerdotis
1814 4395 1960 4455 nomen,
1986 4372 2223 4443 masculinum
2240 4386 2297 4444 est.

1763 4501 1842 4575 ott.

1409 4621 1449 4691 ln
1474 4647 1522 4692 on
1544 4624 1681 4693 Graeca
1706 4636 1790 4693 sunt
1815 4627 1957 4708 omnia,
1991 4650 2146 4720 quorum
2171 4650 2296 4719 genera

1308 4750 1498 4819 cognosces
1534 4750 1576 4794 ex
1610 4726 1681 4796 suis
1717 4727 1941 4810 auctoribus,
1982 4731 2154 4824 pleraque
2181 4743 2298 4800 autern

331 4864 430 4911 nentur
447 4862 558 4909 haecce:
583 4859 714 4923 nianolpi,
732 4858 872 4924 genttlvus
890 4860 934 4907 es't
949 4859 1070 4909 nomlnls
1082 4859 1253 4921 manolptum.
1308 4885 1511 4896 --—-‡-›-—

330 4930 395 4979 tude
413 4929 559 4993 nenotptt,
586 4930 613 4977 et
632 4941 680 4990 per
698 4929 913 4980 contractionem
934 4927 1057 4989 numiui.
1103 4929 1161 4978 Deo
1182 4931 1254 4980 entur

330 5001 349 5048 u
374 4999 520 5049 coeuntia
539 5011 631 5051 uuum.
679 5000 713 5047 at
729 4998 828 5048 dicitur
847 5009 892 5045 res
911 4994 1044 5060 menulpl,
1068 4998 1147 5061 quesl
1164 5000 1253 5064 dices,

331 5081 378 5118 res
396 5068 524 5129 doulon,
551 5068 691 5130 significet
709 5068 779 5117 enim
803 5078 863 5116 ren
889 5064 1028 5128 promtum
1053 5068 1081 5116 et
1099 5066 1157 5118 lure
1175 5080 1253 5120 nen·

327 5138 458 5210 cipetum.
498 5138 567 5187 tdeo.
580 5137 724 5187 haeretios
743 5137 887 5200 eleganter
910 5134 995 5184 dixit:
1033 5135 1151 5197 viteque
1174 5150 1253 5188 meu·

328 5208 399 5269 cipio
425 5208 493 5256 rmttt
517 5207 615 5270 detur,
644 5207 769 5255 omuibus
795 5217 856 5253 usu.
905 5203 1047 5266 §lucrificat
1071 5206 1141 5255 enirn
1169 5207 1252 5258 vitum

248 5338 252 5343 ,
289 5314 292 5321 ,
328 5289 383 5326 non
403 5290 467 5324 enee
486 5274 597 5337 proprto
616 5277 758 5334 nostrum,
782 5276 830 5322 eut
850 5273 879 5321 in
898 5274 1037 5334 potesteto
1054 5275 1162 5328 nostre.

290 5360 344 5418 28)
364 5365 392 5408 Ol
411 5360 484 5422 sing.
503 5361 530 5407 et
549 5355 632 5422 pion]
657 5359 741 5410 uerte.
762 5359 854 5419 lusu,
880 5370 903 5410 s.
920 5368 945 5406 a.
963 5357 1082 5406 addunt:
1117 5363 1145 5408 et
1162 5360 1254 5424 signi·

328 5432 391 5479 uret
411 5430 523 5491 tttsrarn,
547 5428 591 5477 ein
611 5427 715 5487 ptnnut.
1169 5454 1172 5463 .

292 5515 344 5571 29)
361 5515 451 5577 cero,
470 5513 550 5564 Tatio
567 5509 662 5579 roem]
689 5514 772 5563 [tutti.
794 5514 881 5575 totu,
899 5527 922 5561 s.
935 5524 975 5562 e:
1009 5513 1170 5579 Poentnlne
1188 5518 1254 5566 sunt

329 5589 356 5635 ot
374 5594 457 5648 cero,
481 5584 558 5637 tello.
1031 5584 1033 5590 '

295 5668 346 5724 so)
366 5670 508 5732 vectigal]
528 5669 577 5718 na.
595 5680 675 5722 ιω
703 5670 753 5718 soe
773 5669 900 5734 vectigal.
973 5734 977 5740 ,
1092 5744 1096 5751 ‚
1198 5672 1203 5685 '

1340 4961 1507 5024 ³1)Strtgll
1531 4987 1565 4995 --
1589 4962 1680 5020 sunu]
1707 4960 1792 5012 Editt.
1815 4962 1905 5024 ¹546„
1931 4977 1956 5012 s.
1972 4975 2013 5013 a:
2044 4961 2199 5013 Mesouttne
2225 4967 2299 5029 suut,

1378 5029 1472 5094 strlgil
1492 5033 1520 5079 et
1538 5028 1631 5092 mugil.

1338 5115 1387 5175 ³2)
1406 5117 1494 5166 omnis
1513 5104 1651 5181 generis]
1664 5112 1753 5168 'ltdttt¹
1775 5115 1860 5178 Μ,
1878 5129 1903 5168 s.
1916 5127 1942 5166 e.
1960 5114 2077 5166 reddunt:
2102 5118 2130 5165 et
2149 5117 2266 5179 plnrete.

1343 5202 1392 5261 8³)
1412 5203 1516 5268 torum,
1533 5204 1623 5264 spee]
1642 5203 1694 5256 Ed.
1712 5214 1736 5251 s.
1750 5212 1794 5254 e.:
1823 5201 1873 5252 troc
1892 5202 1996 5268 torum,
2020 5204 2069 5253 too
2087 5215 2162 5265 spec.

1339 5288 1389 5346 ³4)
1408 5285 1467 5353 eut]
1488 5288 1536 5337 Ed.
1555 5299 1636 5340 me:
1662 5287 1744 5340 elles.
1837 5286 1839 5290 ’

1339 5375 1397 5490 ab}
1408 5374 1438 5422 tn
1455 5374 1550 5492 reding
1564 5386 1590 5427 e.
1610 5375 1708 5438 coique
1726 5374 1822 5424 heron
1839 5378 1957 5436 quatuor
1975 5387 2071 5426 rocon
2089 5344 2240 5439 praefixum
2258 5377 2300 5424 est

1399 5453 1475 5492 rore:
1545 5479 1553 5494 .

1339 5528 1389 5585 se)
1409 5532 1502 5592 syren
1519 5555 1554 5565 -
1571 5512 1716 5592 lelund]
1734 5529 1776 5583 ue
1792 5530 1842 5582 na.
1857 5531 1950 5592 rsrs.;
1974 5532 2058 5582 aare.
2073 5532 2160 5596 rste,
2179 5545 2205 5587 ι.
2216 5544 2241 5585 a.
2257 5530 2298 5580 n·

1375 5595 1492 5650 addunt:
1522 5601 1553 5647 ut
1570 5598 1598 5649 e't
1616 5592 1754 5651 Troezen.
1801 5599 1832 5649 lu
1851 5596 1901 5652 nu.
1922 5601 1997 5652 tux.
2020 5603 2142 5667 „syren
2161 5627 2196 5637 -
2214 5600 2299 5651 uros-

1315 5676 1336 5685 ··
1375 5664 1458 5717 nenw
1481 5679 1537 5718 uon
1553 5669 1692 5732 teguntur.
2073 5685 2076 5693 ¹
