5125 6525
259 409 338 491 m
548 358 550 362 ¹
764 405 841 479 vu.
893 405 1259 482 couernnnnu
1283 405 1596 482 onrucrrcns
1620 406 1784 480 nano.
2219 413 2295 489 rso

359 585 453 655 Nam
473 580 634 650 omnium
652 583 830 672 primum,
856 604 1071 674 quocunque
1092 576 1249 649 themate
1279 631 1282 635 »
1302 581 1405 673 Quae
1421 581 1592 658 caussae?
1658 581 1789 650 Divina
1805 581 1871 651 vis.
1901 571 1903 576 ¹
1933 571 1937 578 ⁸

259 688 466 781 proposito,
491 684 649 753 nominis
671 684 744 752 vim
768 685 844 773 ipse
861 696 1011 752 naturae
1025 705 1147 752 sensus
1164 705 1250 750 con·-
1302 683 1563 777 Quappartes?
1659 684 1732 751 Tot
1749 696 1838 777 quot
1855 683 2043 751 affectuum
2060 698 2143 754 sunt
2158 687 2271 759 modi.

259 788 455 883 censoru),
491 786 663 876 proinde,
697 798 734 854 et
760 787 918 875 primum
940 785 978 851 in
1003 784 1173 877 cuiusque
1195 782 1249 853 rei
1302 786 1410 877 Quod
1428 785 1610 856 officium?
1659 782 1984 854 Bearebominem.

260 888 585 985 pervestigatione,
612 901 745 956 certam
779 888 937 955 nominis
969 886 1248 978 appellationem

261 993 447 1064 constitue.
510 988 601 1058 Eam
626 991 673 1058 ob
699 1013 879 1071 caussam,
913 987 1071 1079 primum
1098 989 1142 1056 de
1170 987 1251 1055 lini-

261 1092 416 1189 tione”)
431 1092 588 1161 nominis
605 1092 760 1181 egimus,
789 1116 881 1185 quae
897 1116 915 1157 a
932 1090 1173 1179 grammaticis
1189 1113 1251 1179 pe-
1404 1085 1443 1154 ln
1460 1090 1605 1177 negotio
1621 1087 1807 1158 dialectico
1823 1087 1860 1155 in
1872 1087 1998 1178 primis
2016 1088 2209 1158 iucundum
2228 1104 2292 1167 est,

261 1199 345 1280 tita,
367 1219 431 1264 ceu
445 1194 587 1263 initium
603 1206 638 1262 et
655 1205 763 1284 eaput
779 1193 978 1262 dialectices
996 1205 1059 1262 est.
1099 1190 1250 1273 Deinde,
1303 1190 1413 1280 quod,
1429 1214 1502 1280 quo
1519 1189 1659 1281 lougius
1674 1213 1881 1280 progressus
1895 1188 2016 1273 fueris,
2031 1214 2074 1258 eo
2091 1193 2203 1283 magis
2217 1217 2292 1264 sese

262 1324 342 1369 cum
360 1301 403 1366 de
421 1296 578 1365 nominis
593 1294 851 1385 significatione
874 1294 1060 1376 convenit,
1087 1293 1249 1362 omnium
1304 1290 1420 1380 aperit
1452 1293 1587 1362 fructus
1621 1305 1727 1385 atque
1762 1290 1998 1361 commoditas
2025 1294 2123 1364 artis.
2184 1294 2293 1379 Nam,¹

262 1402 439 1493 primum,
465 1398 550 1490 quid
568 1420 606 1463 ea
625 1398 699 1484 ipsa
716 1420 773 1465 res
789 1398 846 1478 sit,
873 1400 916 1463 de
932 1421 1001 1489 qua
1022 1396 1250 1485 proponitur,
1303 1394 1399 1485 quod
1434 1416 1542 1483 supra
1570 1395 1661 1476 dixi,
1702 1394 1796 1461 inter
1831 1390 2010 1462 rhetorica
2044 1406 2081 1462 et
2106 1396 2291 1465 dialectica
2389 1409 2391 1422 '

208 1509 218 1532 ⁸
262 1499 476 1595 exquiri”)‚
502 1493 780 1567 mens-humana
801 1499 920 1580 iubet,
946 1510 985 1565 ut
1003 1500 1032 1566 si
1046 1497 1156 1578 scias,
1183 1495 1250 1565 Ca·
1302 1490 1371 1562 hoc
1388 1495 1578 1577 interesse,
1602 1498 1699 1589 qnod
1714 1496 1897 1585 splendida
1915 1493 2089 1579 rhetores,
2115 1498 2292 1567 dialectici

262 1605 345 1684 meli
362 1625 448 1686 roce
464 1601 597 1669 animal
611 1601 814 1690 significari,
841 1601 960 1671 statim
977 1623 1139 1691 quaeres,
1163 1598 1249 1690 quid
1302 1609 1398 1663 certa
1416 1596 1644 1685 doreabt⁸⁹),
1671 1610 1705 1666 et
1721 1610 1911 1688 propterea
1930 1621 2060 1667 nervos
2083 1622 2226 1683 omnes,
2255 1612 2292 1669 et

263 1705 426 1784 animalis
450 1703 496 1779 sit
517 1701 694 1772 Camelus.
744 1700 833 1769 Earn
860 1701 1107 1795 quaestionem
1132 1699 1249 1768 finitio
1301 1700 1414 1766 robur
1430 1699 1604 1769 orationis
1619 1696 1832 1780 rhetoricae,
1852 1723 1870 1765 a
1889 1699 2079 1769 dialecticis
2096 1706 2290 1791 petendum

263 1806 432 1897 explicat,
458 1827 569 1897 eaque
586 1803 662 1892 ipsa
678 1804 749 1870 iam
766 1803 811 1872 ab
828 1804 1014 1873 ordinibus
1029 1827 1164 1885 rerum,
1186 1825 1250 1870 seu
1301 1824 1396 1882 esse,
1423 1800 1460 1868 id
1482 1796 1550 1869 boc
1571 1802 1650 1870 loeo
1672 1803 1728 1870 vel
1749 1802 1972 1893 potissimum
1992 1802 2190 1871 erratione
2208 1825 2290 1893 pro·
2365 1825 2367 1828 ·

262 1905 560 2001 praedicamentis
582 1906 733 1994 petenda
759 1918 829 1988 est,
873 1929 963 1998 quae
986 1906 1095 1973 fuerit
1119 1925 1249 1993 operae
1302 1903 1457 1998 nurfiati
1481 1900 1776 1993 deprehenderis,
1803 1906 1900 1996 qnod
1924 1904 2206 1974 adialecticisin
2221 1900 2292 1975 boc

262 2009 419 2103 pretinm
450 2007 720 2077 instructissima
749 2003 893 2075 babere.
961 2006 1054 2076 Nam
1088 2006 1127 2074 in
1160 2001 1249 2073 baec
1301 2015 1493 2087 tractatur,
1519 2006 1618 2074 nteit
1633 2008 1750 2075 omnis
1766 2005 1960 2086 orationis,
1984 2005 2218 2100 omniumque
2234 2031 2291 2077 ar*

262 2071 529 2210 univerfftem
545 2121 696 2177 naturae
711 2122 823 2178 totam
839 2109 999 2197 digerere
1015 2109 1108 2177 licet.
1159 2106 1249 2175 Pro·
1301 2120 1552 2195 [camentorum
1576 2131 1639 2176 cen
1662 2108 1811 2178 amussis
1834 2108 2010 2200 quaedam
2035 2111 2225 2199 etregnla,
2250 2111 2290 2179 id

261 2213 370 2284 fuerit
402 2211 440 2280 in
472 2235 593 2279 rernm
628 2212 813 2280 ordinibus
840 2234 1003 2280 exercere
1028 2211 1248 2279 inventutem
1301 2210 1397 2298 quod
1430 2210 1623 2298 intelliges,
1658 2236 1738 2279 cum
1770 2233 1988 2301 exposuero,
2020 2210 2107 2304 quid
2135 2212 2179 2281 sit
2205 2235 2289 2302 pro·

263 2311 622 2405 variisflerempliffl),
647 2313 898 2395 animantium,
923 2308 1130 2394 herbarum,
1153 2333 1249 2400 gem·
1300 2312 1517 2380 nuntiatum.

262 2441 424 2499 marum,
464 2411 644 2484 Locorum
673 2416 756 2483 item
779 2416 1046 2496 communium,
1077 2411 1249 2493 Iustitiae,
1404 2412 1511 2503 Quod
1541 2412 1707 2479 nonnulli
1730 2412 1891 2494 axioma,
1926 2411 2050 2481 Cicero
2076 2417 2315 2504 pronuntia-v

262 2517 558 2608 Temperantiae,
583 2514 706 2596 Vitae,
731 2515 869 2597 mortis,
895 2517 1079 2596 fortunae,
1100 2525 1136 2582 et
1150 2512 1249 2582 sirni-
1301 2523 1395 2595 tum,
1422 2514 1483 2579 alii
1500 2513 1744 2606 proloquium,
1771 2513 1832 2582 alii
1851 2515 2147 2599 enuntiationem,
2174 2518 2289 2587 nostri

261 2620 363 2689 lium.
397 2615 472 2686 lam
489 2617 526 2684 in
543 2616 763 2686 finitionibus
778 2617 815 2684 in
830 2616 956 2708 primis
973 2639 1111 2698 caussas
1127 2639 1248 2683 rerum
1301 2614 1585 2704 propositionem
1621 2628 1770 2697 vocant,
1812 2628 1864 2687 est
1898 2615 2088 2683 indicativa
2126 2619 2288 2711 adeoque

262 2720 415 2812 spectari
438 2719 557 2788 veliin.
607 2718 732 2812 Neque
752 2719 846 2787 enim
867 2719 959 2787 ullae
978 2718 1158 2786 finitiones
1171 2739 1247 2784 rem
1300 2716 1559 2806 simplicissima
1581 2718 1711 2800 oratio,
1738 2742 1806 2810 qua
1826 2718 1912 2787 certi
1929 2717 2099 2810 quiddam
2115 2719 2288 2810 significa-

261 2822 410 2915 propius
425 2822 626 2903 declarant,
653 2845 775 2913 quam,
800 2845 891 2913 quae
906 2820 1036 2889 caussis
1053 2833 1250 2889 contexun·
1301 2829 1378 2899 tur,
1408 2831 1448 2888 ut
1469 2818 1594 2887 Cicero
1618 2831 1671 2889 est
1694 2833 1838 2902 orator,
1873 2818 2003 2889 Caesar
2025 2820 2110 2889 vicit
2133 2821 2288 2913 Pompe-

262 2938 332 3008 tur.
383 2921 552 2992 Proxima
578 2946 662 3011 ergo
688 2922 842 2989 finitioni
866 2924 1026 3015 quaestio
1043 2945 1247 2992 caussarum
1301 2919 1396 3004 ium,
1427 2921 1560 2988 invidia
1584 2946 1704 2991 comes
1718 2934 1770 2991 est
1785 2922 1938 2991 virtutis.
1988 2920 2113 2993 Partes
2130 2923 2288 2994 arioma-

262 3039 332 3109 est,
364 3029 460 3094 unde
484 3038 568 3094 nata
591 3048 648 3094 res
671 3026 717 3093 sit
731 3022 798 3119 2⁸),
833 3037 896 3110 aut
919 3025 1090 3117 aquibus
1113 3021 1249 3092 autori·
1299 3021 1364 3105 tis,
1396 3024 1592 3092 subiectum
1618 3037 1652 3092 et
1679 3024 1945 3115 praedicatum,
1980 3038 2120 3094 vocant.
2180 3027 2289 3097 Prior

261 3130 327 3198 bus
347 3130 518 3217 profecta.
570 3122 746 3195 Postbaec
762 3125 976 3219 inquiritur,
1004 3127 1049 3195 ad
1070 3125 1181 3195 multa
1202 3148 1248 3195 ne
1299 3148 1395 3215 pars,
1419 3127 1473 3194 cui
1492 3127 1578 3219 quid
1597 3126 1816 3209 attribuitur,
1842 3126 2037 3194 subiectum
2057 3139 2119 3196 est.
2163 3129 2288 3199 Poste·

259 3230 437 3322 pertineat
454 3225 591 3310 thema,
613 3252 720 3321 quam
739 3229 983 3320 quaestionem
999 3228 1146 3308 divisio,
1165 3251 1246 3298 cum
1298 3225 1375 3295 rior
1396 3250 1498 3317 pars,
1526 3252 1617 3320 quae
1640 3228 1799 3298 subiecto
1822 3226 2010 3309 tribuitur,
2041 3230 2286 3319 praedicatum

260 3334 298 3401 in
314 3333 465 3423 species,
490 3345 565 3399 tum
585 3332 621 3397 in
640 3344 776 3420 partes,
803 3331 976 3409 declarat,
1003 3344 1063 3410 nt,
1089 3327 1247 3398 Iustitiae
1300 3343 1362 3397 est.
1413 3333 1531 3422 Atque
1555 3325 1641 3396 haec
1665 3331 1811 3397 nomina
1828 3330 1973 3400 Graecis
1997 3331 2176 3403 debemus.
2229 3333 2286 3403 ln·

261 3426 421 3519 ineam,
455 3457 547 3525 quae
566 3433 603 3498 in
626 3430 866 3501 contractibus
884 3443 1067 3515 versatur,
1100 3443 1135 3498 et
1154 3455 1246 3513 earn,
1298 3442 1433 3519 tegram
1452 3432 1651 3501 orationem
1672 3457 1746 3501 esse
1762 3456 1900 3503 necesse
1916 3446 1987 3515 est,
2014 3433 2093 3502 ideo
2113 3438 2286 3505 exnomi-

262 3561 353 3630 quae
375 3537 489 3603 bonos
513 3532 682 3623 praemiis
705 3543 828 3621 auget,
854 3534 898 3598 de
915 3531 1016 3600 malis
1032 3531 1245 3623 supplicium
1299 3533 1403 3602 nibus
1433 3545 1468 3602 et
1500 3534 1618 3602 verbis
1643 3548 1801 3616 constat,
1843 3536 1972 3629 quibus
1996 3532 2088 3606 nibil
2111 3541 2286 3624 retulerit,

260 3637 380 3709 sumit.
436 3634 489 3702 lbi
512 3658 573 3702 sua
599 3644 682 3702 sunt
707 3633 819 3701 officia
846 3633 994 3726 cuique,
1027 3647 1134 3727 atque
1159 3629 1246 3701 baec
1297 3634 1411 3704 sicubi
1434 3635 1544 3706 addas
1565 3638 1731 3705 adverbia
1749 3650 1811 3706 aut
1828 3662 1920 3730 quae
1937 3652 2085 3724 vocant,
2111 3642 2285 3711 adiectiva

260 3738 423 3830 pluribus
447 3738 616 3827 exemplis
640 3735 687 3802 ita
714 3736 905 3804 exercenda
931 3746 1032 3818 suut,
1059 3748 1098 3804 ut
1121 3738 1245 3804 adsue·
1296 3739 1467 3819 nomina,
1500 3751 1541 3807 ut
1555 3740 1698 3806 fortiter
1715 3740 1886 3830 pugnavit
1903 3741 2059 3824 Marius,
2086 3757 2168 3827 aut,
2200 3747 2285 3816 nrbs

260 3853 336 3912 seat
371 3838 553 3920 iuventus,
604 3862 817 3930 quocunqne
856 3833 1011 3905 themate
1046 3839 1245 3928 proposito,
1299 3841 1443 3933 antiqua
1473 3841 1557 3909 ruit.
1617 3840 1781 3909 Breviter
1815 3845 2119 3932 agrammaticis,
2157 3846 2231 3918 imo
2263 3874 2282 3917 a

260 3942 380 4014 statim
405 3942 479 4011 eius
502 3954 666 4009 naturam
686 3953 720 4008 et
735 3940 976 4008 conditionem
994 3942 1037 4007 ad
1057 3937 1120 4010 has
1137 3964 1244 4034 quae·
1297 3943 1480 4011 communi
1496 3968 1600 4013 sensu
1616 3957 1716 4034 pete,
1744 3969 1835 4037 quae
1852 3946 1898 4014 sit
1914 3948 2071 4037 integra,
2091 3962 2204 4033 certa,
2230 3951 2284 4018 in·

261 4046 394 4117 stiones
415 4044 564 4133 exigere.
615 4042 707 4113 Nam
731 4043 777 4110 ita
804 4043 882 4126 liet,
908 4053 948 4110 ut
971 4066 1061 4134 qnae
1078 4043 1242 4112 discenda
1295 4045 1522 4138 dicativaque
1536 4047 1674 4128 oratio,
1700 4070 1778 4115 eam
1800 4049 2072 4137 pronuntiatum
2090 4054 2244 4123 vocabis.

261 4159 362 4229 sunt,
388 4148 492 4215 certis
514 4140 768 4235 comprehensa
791 4144 919 4214 finibus
943 4140 1245 4236 inpromptuha·
1925 4218 1934 4234 ⁸
1996 4218 2005 4233 .

261 4253 418 4321 beamus.
470 4247 534 4318 Est
556 4247 649 4315 enim
676 4272 718 4316 ex
734 4243 800 4315 bac
817 4246 1016 4315 dialectices
1030 4262 1151 4337 parte,
1178 4270 1244 4339 par
1566 4215 1680 4287 U⁵¹¹⁸
1713 4230 2018 4306 Pf⁰¹¹¹¹¹¹¹¹³th

261 4350 496 4421 commoditas
530 4351 763 4432 discentibus,
802 4373 842 4416 ac
874 4346 1093 4441 docentibus.
1151 4349 1243 4418 Suae
1398 4346 1700 4440 Quandoquidem
1716 4348 1853 4417 institui
1869 4351 2044 4419 rationem
2061 4352 2279 4421 dialecticam

259 4454 370 4523 fabris
394 4455 535 4544 regulae
558 4464 659 4533 sunt,
687 4452 741 4519 lila
761 4463 986 4547 etamffles,
1013 4451 1060 4518 ita
1080 4451 1244 4520 discenti·
1296 4472 1465 4518 revocare
1496 4451 1540 4516 ad
1572 4450 1684 4516 animi
1706 4451 1874 4519 iudicium
1905 4452 2154 4546 (nequeenim
2179 4457 2283 4526 aliter

260 4558 326 4626 bus
344 4578 485 4625 necesse
509 4568 559 4624 est
581 4579 663 4625 suos
687 4555 858 4647 qupsdam
879 4553 1013 4624 indices
1037 4578 1128 4635 esse,
1155 4578 1244 4647 quos
1296 4576 1399 4621 usum
1420 4552 1472 4619 rei
1497 4551 1705 4644 ostendero)
1730 4553 1950 4642 pronuntiati
1976 4580 2120 4649 quoqne
2143 4558 2215 4624 vim
2240 4583 2283 4629 ex

261 4660 299 4726 in
320 4659 615 4749 pervestigatione
631 4681 750 4726 rernm
768 4668 975 4748 sequantur.
1296 4654 1371 4743 ipsa
1403 4667 1551 4735 natura,
1585 4677 1649 4721 ceu
1681 4655 1839 4724 fontibus
1864 4656 2116 4728 derivabirnns.
2176 4661 2282 4745 Nam,

1297 4757 1471 4824 eiusmodi
1493 4758 1673 4847 quandam
1698 4757 1803 4846 plane
1826 4758 2121 4847 simplicissimam
2148 4765 2282 4833 oratio·

1297 4882 1379 4925 nem
1413 4859 1660 4949 praescribunt
1684 4859 1943 4955 Dialectici⁸'),
1985 4888 2076 4955 quae
2109 4864 2196 4933 citra
2225 4892 2281 4934 ca-

263 4951 357 5042 Quid
374 4973 505 5017 ⁰⁰¹¹¹⁸¹¹
522 4946 663 5043 Vlllsslss
678 4941 817 5032 Signat?
845 4941 1021 5012 ‘'ffflclum·
1295 4960 1492 5042 lumniam,
1520 4962 1678 5054 citraque
1700 4964 2049 5051 tergiversationem,
2074 4965 2281 5057 simpliciter

261 5052 359 5146 Quid
375 5047 510 5119 Virtus?
612 5047 768 5117 Affetlus
785 5047 911 5114 lmus·
1296 5076 1358 5133 arrt
1378 5065 1559 5154 probetur,
1586 5078 1648 5132 ant
1663 5065 1897 5155 improbetur,
1924 5091 2005 5134 vera
2022 5082 2082 5136 aut
2098 5070 2183 5140 falsa
2201 5097 2281 5141 cen·

262 5192 293 5201 ”
335 5190 339 5199 “
422 5189 460 5197 ’“
1295 5179 1434 5249 seatur,
1463 5189 1623 5259 quaeque
1647 5168 1762 5256 ipsum
1783 5168 1895 5235 animi
1913 5193 2053 5239 sensum
2070 5197 2177 5264 quam
2198 5199 2279 5266 pro·

296 5269 346 5322 24)
365 5265 465 5314 antrat.
484 5274 586 5325 merga
611 5260 733 5312 Nominis
751 5259 796 5307 vls
815 5257 932 5308 omnium
951 5256 1065 5319 primurn
1082 5261 1244 5313 contuenda.
1267 5268 1271 5302 a

295 5334 344 5392 25]
362 5332 500 5390 flirtttone]
518 5332 558 5380 stc
577 5330 660 5379 uarat.
675 5331 698 5380 t.
711 5329 753 5387 ³·;
777 5327 862 5377 ΕΜ.
882 5326 1043 5376 diffinitione

297 5403 345 5460 26)
364 5403 463 5449 annot.
482 5410 585 5461 marg:
614 5398 716 5446 Deinde
741 5396 804 5457 quid
822 5395 861 5444 stt
879 5407 943 5456 res,
967 5405 1037 5457 quse
1054 5395 1176 5446 tuitione
1193 5411 1243 5448 ex·
1267 5360 1271 5441 l
1329 5383 1378 5441 ²9)
1402 5386 1504 5434 ΛΜΝ·
1526 5396 1628 5450 marga
1661 5386 1805 5437 Certitudo
1829 5388 1975 5438 dialectics
2004 5385 2068 5452 (rr.
2086 5389 2112 5439 2.
2136 5389 2280 5441 dialectice

331 5472 455 5532 plicatur.
1366 5462 1431 5513 pro:
1457 5454 1598 5502 distecttca
1617 5455 1662 5504 vet
1680 5453 1864 5521 dialecticae).

296 5538 345 5596 tt)
365 5538 463 5586 annot.
482 5545 585 5597 norm:
608 5532 769 5584 constttun.
1330 5536 1380 5593 ⁸⁰)
1397 5538 1498 5587 Annot.
1518 5550 1623 5601 marm:
1651 5541 1729 5600 oure
1746 5540 1967 5605 simplicissima,
1992 5540 2086 5589 erden
2102 5544 2131 5589 et
2149 5541 2279 5594 ernust·

297 5607 345 5665 28)
364 5608 432 5671 stt,]
453 5604 540 5655 ΕΜ.
558 5614 655 5653 errore
671 5606 745 5664 tyn:
775 5603 819 5650 est
839 5601 904 5663 etta,
1366 5616 1410 5656 ns
1428 5608 1473 5654 est
1490 5606 1589 5656 oratio.
1783 5673 1868 5746 46*

1364 952 1425 1024 De
1451 954 1783 1045 pronuntiato,
1823 951 1964 1021 Liber
1989 957 2226 1032 secundus.

619 4826 889 4915 Exemplum.
