5125 6525
1525 243 1550 252 -—
1560 225 1631 244 -.α-.-

121 431 123 436 ,
173 412 251 490 toa
312 367 318 377 '
835 349 955 482 aux.
1006 407 1274 482 uuuunnra
1306 405 1546 480 euasura
2126 413 2220 485 ⁴⁰⁸<
2249 494 2279 511 ..

174 588 280 670 tales,
323 584 479 656 bonores
501 597 619 652 autem
643 583 875 653 immortales.
938 579 1075 650 Amicis
1101 582 1160 649 ad·
1213 578 1380 649 lescentia
1406 580 1551 671 quidem
1575 581 1810 663 modestiam,
1849 582 1887 649 in
1911 594 2090 652 senectute
2115 604 2201 652 vero

173 713 273 759 versa
287 690 431 758 fortuna
447 687 627 759 utentibus
641 686 735 754 idem
752 698 839 756 esto.
872 682 1028 752 Lucrum
1046 696 1162 774 turpe,
1213 682 1440 773 sapientiam.
1588 757 1590 763 ,
2010 692 2014 700 “

172 816 230 863 res
280 792 417 862 essima.
519 790 575 859 uic
602 789 663 858 uid
712 787 896 858 r'omiseris
917 786 1038 856 facito.
1104 782 1161 854 ln-
1255 853 1288 872 „
1721 853 1730 869 ,
1982 840 1985 849 .

95 897 113 919 “
172 816 370 964 lortrinium
406 790 516 963 tuurii
543 813 710 973 collato,p
727 915 774 959 ne
806 890 990 981 voluptate
1030 887 1162 957 allicias
1238 854 1449 925 h¹¹¹⁸d⁰¹⁰
1479 878 1529 922 ⁰¹
1556 854 1763 972 Au⁵f¹¹¹⁰
1791 849 1847 971 [Ρ
1866 853 1949 926 ¹18·
1970 849 2178 966 Ed·s⁰³,¹·]’

173 997 349 1069 inimicos.
415 995 568 1065 Veritati
591 990 797 1063 adhaereto.
859 997 934 1082 Age
957 1016 1048 1084 quae
1069 990 1159 1060 iusta
1540 981 1698 1026 camme
1724 952 1882 1026 herm·

173 1113 266 1169 sunt.
343 1098 561 1170 Violentiam
599 1079 728 1165 oderis.
800 1093 1030 1184 Principibus
1065 1097 1161 1161 cede.
1213 1093 1403 1185 Quaenam
1426 1117 1565 1164 summa
1585 1093 1699 1163 boni?
1733 1118 1833 1164 mens
1856 1094 2038 1186 quaesibi
2061 1096 2202 1166 conscia

171 1200 358 1292 Voluptati
376 1202 525 1292 impera.
575 1198 856 1268 Aiureiurando
880 1196 1028 1266 abstine.
1080 1195 1162 1264 Pie·
1230 1244 1238 1264 .-
1833 1197 1932 1267 recti.

173 1318 283 1373 tatem
307 1318 454 1374 sectare.
505 1302 670 1371 Laudato
694 1296 856 1370 honesta.
908 1301 940 1367 Α
965 1298 1060 1367 vitiis
1083 1300 1161 1367 abs-
1213 1296 1394 1366 Pernicies
1408 1292 1548 1365 homini
1566 1321 1658 1390 quae
1672 1296 2087 1377 maximatsolushomo
2100 1302 2202 1394 alter.

171 1407 256 1475 tine.
308 1406 527 1475 Beneticium
550 1406 719 1496 repende.
771 1402 998 1494 Supplicibus
1023 1400 1161 1470 miseri·
1214 1400 1305 1492 Quis
1321 1398 1443 1468 dives?
1461 1401 1523 1492 qui
1539 1401 1591 1467 nil
1606 1402 1738 1491 cupiat.
1771 1401 1861 1493 Quis
1877 1401 2039 1494 pauper?
2061 1428 2203 1478 avarus.

172 1533 252 1578 cors
275 1521 362 1579 esto.
428 1507 579 1579 Liberos
602 1506 760 1576 institue.
826 1504 1036 1596 sapientum
1061 1516 1161 1573 utere
1214 1502 1317 1594 Quae
1335 1504 1401 1571 dos
1419 1502 1596 1573 matronis
1613 1498 1880 1593 pulcherrima?
1907 1506 1979 1573 vita
1999 1509 2139 1597 pudica.

171 1613 440 1681 consuetudine.
499 1610 618 1680 Litem
644 1608 776 1679 oderis.
815 1606 958 1690 ¹Bonos
984 1607 1021 1673 in
1044 1605 1160 1697 pretio
1214 1605 1317 1697 Quae
1333 1618 1427 1675 casta
1447 1603 1524 1674 est?
1551 1605 1596 1676 de
1614 1629 1683 1699 qua
1702 1607 1797 1674 sama
1818 1608 1964 1675 mentiri
1981 1623 2136 1683 veretur.

169 1708 313 1783 habeto.
365 1714 461 1782 Audi
486 1736 579 1806 quae
601 1715 645 1780 ad
673 1724 707 1780 te
728 1711 921 1801 pertinent.
979 1708 1159 1778 Probrum
1213 1707 1321 1799 Quod
1340 1708 1527 1799 prudentis
1545 1707 1666 1799 opus?
1693 1732 1774 1778 cunr
1792 1709 1923 1800 possit,
1948 1710 2202 1786 nollenocere.
2242 1788 2250 1801 ,
2297 1773 2330 1798 ,,
2426 1763 2430 1771 .

169 1816 295 1904 fugito.
347 1816 539 1905 Responde
563 1814 797 1904 intempore.
849 1812 900 1881 Ea
917 1811 1044 1892 facito,
1072 1835 1161 1904 quo·
1213 1810 1310 1903 Quid
1328 1811 1426 1881 stulti
1441 1810 1656 1901 proprium?
1681 1834 1755 1881 non
1771 1832 1875 1903 posse
1893 1825 1928 1880 et
1944 1814 2033 1884 velle
2047 1837 2190 1890 nocere.
2301 1799 2341 1840 ''⁹''

169 1939 250 1985 rum
266 1940 343 1985 non
358 1920 470 2009 possit
486 1914 682 2007 poenitere.
714 1915 768 1985 Ne
785 1914 842 1983 cui
859 1915 1031 1983 invideas.
1066 1912 1160 1982 Ocu·
1507 1982 1515 1996 ,
1630 1981 1639 1995 ,
1719 1981 1727 1997 ,
1927 1985 1936 1999 ,

90 2033 100 2046 “
169 2018 212 2087 lis
231 2021 432 2089 moderare.
459 2016 463 2028 ’
484 2020 591 2113 Quod
611 2021 741 2089 iustmo
760 2031 830 2100 est,
844 2017 1008 2086 imitare.
1060 2014 1159 2085 Bene
1183 2009 1188 2122 ἰ
1465 1981 1641 2049 me
1666 1980 1780 2074 Muy
1791 1982 1949 2055 lenam·

104 2121 108 2128 '
169 2122 317 2191 meritos
332 2119 485 2191 honora.
538 2122 625 2210 Spes
640 2123 734 2191 love.
786 2119 1013 2191 Caluvnniam
1028 2119 1158 2190 oderis.
1314 2117 1417 2209 Quae
1432 2117 1589 2187 [acturus
1605 2141 1658 2199 es,
1687 2142 1733 2186 ne
1749 2120 1985 2209 praedixeris,
2011 2124 2202 2198 frustratus

167 2224 331 2294 Affabilis
364 2240 450 2295 esto.
517 2225 607 2294 Corn
638 2224 787 2305 erraris,
831 2236 927 2293 muta
957 2224 1158 2294 consilium.

167 2324 353 2395 Diutinam
372 2326 568 2396 amicitiam
586 2327 736 2397 custodi.
788 2325 967 2395 Omnibus
987 2326 1155 2415 teipsum

167 2430 311 2520 praebe.
363 2429 604 2512 Concordiam
624 2441 771 2498 sectare.
804 2468 808 2474 ·
830 2428 1063 2517 Magistratus
1086 2450 1159 2494 me·

166 2544 238 2600 tue.
291 2530 345 2601 Ne
365 2531 526 2625 loquaris
542 2533 586 2599 ad
607 2530 772 2622 gratiam.
825 2530 879 2602 Ne
904 2529 1060 2619 tempori
1085 2552 1159 2596 cre·

167 2633 313 2703 dideris.
366 2633 419 2701 Te
436 2634 553 2723 ipsum
571 2657 615 2702 ne
632 2632 801 2723 negligas.
854 2631 1039 2700 Seniorem
1059 2653 1158 2700 reve-

166 2758 259 2802 rere.
313 2733 467 2804 Mortem
487 2748 615 2826 oppete
631 2759 697 2825 pro
719 2735 850 2824 patria.
901 2733 955 2803 Ne
972 2734 1098 2825 quavis
1113 2735 1157 2801 de

166 2861 205 2905 re
227 2837 361 2905 doleas.
415 2836 468 2907 Ex
498 2837 662 2929 ingenuis
690 2836 822 2905 liberos
852 2860 946 2905 crea.
1006 2835 1157 2927 Sperato

166 2952 338 3033 tanquam
355 2939 529 3009 mortalis·
579 2939 725 3009 Parcito
740 2951 911 3031 tanquam
931 2936 1157 3007 immortalis.

165 3040 219 3112 Ne
238 3042 397 3112 efferaris
423 3040 549 3133 gloria.
608 3042 789 3111 Arcanum
815 3042 902 3110 cela.
962 3039 1056 3110 Cede
1080 3063 1157 3109 ma·

166 3143 256 3236 gnis.
307 3142 627 3236 opportunitatem
652 3155 849 3235 expectato.
902 3142 1072 3211 Mortalia
1099 3167 1157 3213 co-

166 3246 248 3336 gita.
299 3244 545 3340 Largirecum
567 3246 733 3318 utilitate.
782 3246 837 3318 Ne
861 3246 962 3337 prior
986 3244 1154 3315 iniuriam

165 3350 286 3421 facias.
317 3349 489 3420 Dolorem
507 3352 601 3442 luge.
634 3350 821 3420 Mortuum
837 3373 883 3417 ne
902 3349 1031 3418 rideto.
1057 3349 1156 3416 Ami-

1211 2221 1308 2287 enim
1324 2221 1511 2289 videberis.
1565 2219 1777 2311 Depositum
1796 2224 1916 2294 redde.
1968 2227 2001 2293 Α
2015 2227 2202 2298 familiari-

1211 2324 1276 2393 bus
1309 2324 1347 2388 in
1378 2322 1526 2391 minutis
1554 2324 1661 2391 rebus
1693 2324 1809 2393 laesus
1835 2327 1939 2396 feras.
2003 2330 2130 2401 Amico
2155 2356 2201 2403 ne

1211 2423 1448 2494 maledixeris.
1493 2421 1681 2493 inimicum
1700 2429 2046 2515 neputesamicum.
2087 2434 2202 2504 Uxori

1210 2526 1411 2594 dominare.
1480 2525 1583 2617 Quae
1612 2527 1736 2596 leceris
1763 2530 1991 2618 parentibus,
2031 2537 2155 2605 eadem
2178 2562 2200 2607 a

1209 2628 1331 2699 liberis
1347 2641 1503 2719 expecta.
1541 2627 1810 2699 Desidiosusne
1827 2643 1914 2702 esto.
1953 2629 2202 2716 luteramicos
2287 2644 2289 2646 ’

1210 2755 1255 2799 ne
1277 2731 1389 2801 fueris
1411 2730 1530 2800 iudex.
1570 2730 1643 2801 ,Ne
1672 2735 1848 2802 contende
1873 2759 1952 2804 cum
1982 2741 2202 2828 parentibus,

1210 2833 1317 2902 etiam
1336 2834 1365 2903 si
1381 2834 1470 2903 iusta
1490 2833 1631 2903 dixeris.
1669 2834 1723 2904 Ne
1739 2858 1840 2925 geras
1855 2835 2059 2928 imperium,
2085 2845 2200 2935 prius·
2262 2869 2267 2883 ¹

1210 2959 1318 3030 quam
1332 2961 1459 3028 parere
1475 2935 1653 3007 didiceris.
1693 2934 1958 3009 lnfortunatum
1976 2967 2021 3011 ne
2036 2944 2200 3020 irriseris.

1209 3039 1262 3109 Ne
1287 3040 1407 3129 lingua
1434 3053 1647 3130 praecurrat
1671 3053 1840 3111 mentem.
1893 3042 1995 3134 Quae
2023 3047 2099 3115 fieri
2125 3074 2200 3121 non
2273 3031 2283 3060 ⁰

1209 3155 1379 3232 possunt,
1407 3166 1492 3210 cave
1509 3142 1751 3237 concupiscas.
1804 3142 1858 3213 Ne
1883 3146 2062 3219 festinaris
2088 3150 2200 3246 loqui.
2229 3156 2231 3165 '

1208 3241 1363 3337 Legibus
1381 3237 1479 3335 pare.
1532 3242 1648 3314 Nosce
1667 3244 1848 3335 teipsum.
1900 3245 1954 3317 Ne
1973 3251 2060 3342 quid
2081 3254 2200 3330 nimis.

1207 3348 1302 3415 Ante
1319 3347 1441 3415 omnia
1460 3370 1633 3415 venerare
1649 3369 1796 3415 numen.
1837 3348 2009 3422 Parentes
2023 3378 2199 3432 reverere.

1208 3449 1343 3519 Audito
1368 3449 1532 3518 libenter.
1590 3447 1820 3540 Voluptatem
1848 3469 1983 3524 coerce.
2043 3454 2199 3537 Inimici·

1209 3552 1296 3621 tiam
1321 3553 1432 3624 solve.
1484 3552 1643 3621 Uxorem
1670 3552 1791 3622 ducito
1818 3579 1860 3624 ex
1880 3556 2107 3649 aequalibus,
2140 3588 2199 3649 no,

1207 3654 1237 3725 si
1254 3680 1298 3726 ex
1314 3654 1504 3725 ditioribus
1523 3654 1685 3737 duxeris,
1711 3657 1880 3729 dominos
1896 3658 1961 3728 tibi
1976 3684 2100 3751 pares,
2124 3691 2199 3747 non

1209 3757 1343 3830 aflines.

1179 3958 1184 3989 ι
1233 3929 1443 3998 Eiusdem
1471 3953 1521 3996 ex
1546 3930 1751 3999 Ausonio
1781 3927 1938 4030 [put.
1966 3932 2172 4039 Ed.Scal.]‚

1179 3992 1184 4101 i
1434 4031 1594 4099 carmine
1620 4029 1776 4100 lambico
1800 4033 1975 4106 trimetro.

167 3453 214 3522 cis
229 3466 341 3524 utere.
390 3452 549 3524 Consule
566 3452 758 3543 inculpate.
810 3450 956 3519 Delecta
971 3451 1116 3521 amicos.

187 3688 194 3695 .
249 3622 465 3694 Eiusdem
493 3620 742 3690 Periandri
771 3644 822 3688 ex
847 3622 1071 3705 Ausonio,

217 3722 319 3821 [pag.
338 3723 423 3796 119.
445 3720 625 3794 Editioois
639 3721 806 3814 Scaliger.
830 3747 862 3793 a.
881 3724 993 3797 1608.
1024 3720 1103 3823 12]

469 3827 626 3895 carmine
648 3822 853 3913 Phalaecio.

164 3961 361 4056 Nunquam
377 3963 555 4053 discrepat
569 3962 655 4031 utile
674 3987 692 4030 a
708 3964 852 4032 decoro.

166 4064 251 4136 Plus
266 4077 319 4135 est
333 4066 504 4136 sollicitus
524 4064 636 4155 magis
652 4066 788 4134 beatus.

169 4167 322 4237 Mortem
339 4181 465 4258 optare
478 4169 633 4248 malum,
660 4168 787 4235 timere
803 4167 915 4259 peius.

166 4268 291 4353 Faxis,
325 4283 365 4340 ut
379 4271 506 4353 libeat,
534 4272 631 4363 quod
647 4283 700 4339 est
714 4294 865 4341 neccsse.

167 4371 291 4444 Multis
308 4373 497 4454 terribilis,
525 4386 648 4441 caveto
665 4372 808 4442 multos.

167 4474 205 4546 Si
220 4478 366 4546 fortuna
385 4477 504 4556 iuvat,
531 4488 655 4544 caveto
676 4474 764 4545 tolli.

167 4577 364 4650 Sitonum
382 4591 504 4659 tonat,
529 4591 654 4647 caveto
673 4576 797 4668 mergi.

1208 4166 1327 4260 Loqui
1345 4166 1546 4256 ignorabit,
1574 4168 1636 4259 qui
1653 4180 1770 4237 tacere
1784 4169 1927 4239 nesciet.

1208 4269 1314 4340 Bono
1331 4269 1478 4360 probari
1495 4269 1613 4352 malo,
1639 4295 1747 4363 quam
1765 4270 1885 4342 multis
1904 4272 2018 4343 malis.

1103 4411 1110 4421 -
1208 4371 1367 4443 Demens
1383 4371 1547 4461 superbis
1561 4371 1697 4441 invidet
1713 4373 1909 4443 loelicibus.

1208 4474 1367 4544 Demens
1383 4475 1545 4543 dolorem
1564 4474 1657 4543 ridet
1675 4474 1906 4545 infoelicium.

1172 4591 1175 4594 ”
1209 4577 1342 4648 Pareto
1358 4574 1446 4668 legi,
1470 4576 1632 4670 quisquis
1645 4577 1756 4667 legem
1774 4576 1944 4648 sanxeris.

590 4748 601 4764 ,
723 4748 731 4764 ,
1209 4680 1350 4751 Plureis
1367 4679 1501 4749 amicos
1518 4682 1724 4749 reserunda
1744 4704 1942 4772 compares.

543 4746 576 4817 B
589 4773 602 4815 ¹
618 4772 638 4815 ἢ
651 4773 676 4816 ¹¹
692 4761 707 4815 t
721 4773 733 4816 ¹
747 4773 775 4817 ⁸·
1209 4784 1350 4853 Paucos
1367 4781 1500 4852 amicos
1517 4783 1623 4853 rebus
1639 4782 1795 4879 adversis
1811 4784 1952 4874 probes.

271 4881 311 4952 ln
327 4882 473 4974 speculo
489 4895 523 4951 te
545 4883 662 4974 ipsum
688 4884 951 4974 contemplare,
979 4899 1014 4956 et
1035 4886 1065 4955 si
1086 4887 1158 4956 lor·
1697 4951 1705 4967 ,
1780 4952 1789 4967 ,
1867 4950 1897 4968 ,,

169 4984 508 5078 mosne-apparebis,
533 5009 600 5077 age
615 5009 708 5079 quac
725 4986 875 5055 deceant
891 4988 1060 5058 formam.
1095 4988 1159 5059 Sin
1496 4950 1634 5021 C¹⁰⁰b
1643 4952 1707 5020 ¹¹¹¹
1738 4949 1910 5023 Lffidss‘

168 5087 361 5170 deformis,
402 5091 497 5181 quod
523 5089 559 5156 in
584 5088 674 5156 facie
696 5088 814 5156 minus
837 5101 907 5170 est,
948 5089 985 5157 id
1014 5115 1157 5161 morum
1313 5087 1368 5158 Ne
1386 5087 1435 5158 sis
1448 5111 1609 5181 unquam
1634 5089 1756 5159 elatus.
1808 5088 1947 5159 Domus
1973 5112 2095 5158 curam
2122 5113 2199 5183 age.

168 5203 319 5283 pensato
338 5187 615 5280 pulchritudine.
668 5187 722 5258 De
745 5190 894 5259 numine
918 5216 963 5259 ne
989 5193 1081 5262 male
1106 5195 1158 5262 lo·
1210 5191 1341 5262 Libros
1364 5191 1501 5260 evolve.
1558 5188 1710 5262 Liberos
1738 5191 1804 5260 tibi
1829 5188 2056 5264 charissimos
2085 5193 2199 5264 erudi.

170 5314 304 5387 quam
337 5292 422 5385 quid
446 5294 492 5362 sit
513 5307 633 5365 mem
655 5295 826 5364 auseotts.
875 5291 1011 5365 ausim
1030 5297 1160 5381 multa,
1210 5293 1304 5366 luste
1320 5295 1491 5364 iudicato.
1541 5295 1654 5365 Bonis
1675 5295 1887 5365 benefacito.
1936 5296 1971 5365 A
1986 5297 2198 5366 maledicen-

169 5396 318 5490 loquere
334 5420 460 5487 pauca.
493 5396 600 5466 Prius
612 5397 788 5488 intellige,
810 5408 848 5464 et
862 5398 1052 5469 deindeod
1069 5425 1160 5492 opus
1211 5399 1259 5467 tia
1285 5411 1499 5490 temperato.
1549 5397 1795 5490 Suspicionem
1818 5397 1975 5469 abiicito.
2027 5399 2200 5468 Parentes

171 5502 309 5570 accede.
359 5498 414 5570 Ne
430 5499 479 5566 ob
492 5500 637 5570 divitias
651 5500 809 5573 laudula
823 5499 941 5572 virum
958 5503 1160 5595 indignum.
1211 5499 1383 5597 patientia
1402 5500 1515 5571 vince.
1566 5499 1737 5570 Beneficii
1751 5501 1885 5593 accepti
1901 5512 2094 5571 memento.
2141 5496 2200 5570 ln·

172 5599 410 5672 Parmenione
438 5626 545 5695 cape,
583 5626 659 5673 non
685 5604 738 5675 vi.
803 5601 983 5704 &mpero
1005 5607 1050 5675 in
1070 5607 1160 5674 edo·
1211 5603 1380 5674 seriorem
1399 5629 1445 5674 ne
1460 5603 1614 5675 reiicias.
1653 5601 1781 5672 Aliena
1793 5627 1839 5670 ne
1858 5601 2097 5694 conutpiaoas.
2142 5603 2200 5678 Ne

1674 5699 1759 5780 „.
