5125 6525
257 440 334 518 ita
782 438 908 514 Pilia.
934 440 1048 513 MEL.
1073 439 1277 514 scalari
1300 437 1433 512 tituli
1458 437 1763 512 ARGUMENTI.
2211 437 2295 516 m

257 606 483 692 immortale,
510 608 687 701 nullisque
701 610 805 681 fissile
822 611 934 683 rimis.
984 610 1247 694 Animantium,
1300 609 1538 701 intelligendi,
1570 622 1605 678 et
1624 612 1705 681 lons
1729 611 1936 690 affectuum3
1962 609 2122 701 Corpus,
2150 623 2294 693 venter,

259 712 451 793 arborum,
488 734 731 799 gemmarum,
767 710 979 795 herbarum,
1015 727 1051 782 et
1075 714 1246 784 similium
1299 725 1425 804 caput,
1451 714 1576 802 pedes,
1602 724 1668 783 etc.
1803 761 1827 802 ,9-

259 835 381 883 rerum
404 811 583 882 finitiones
606 837 649 881 ex
670 810 739 883 hoc
764 839 892 905 genere
916 826 1106 905 petuntur,
1140 827 1247 908 atque
1400 813 1574 905 Apprime
1609 813 1806 884 necessaria
1840 826 1892 884 est
1920 814 2015 881 ratio
2049 826 2173 882 exacte
2199 813 2291 883 divi-

259 908 329 983 hoc
343 913 490 982 finiendi
506 938 635 1005 genere
653 917 811 987 crebrius
825 917 980 1000 utimur,
1006 919 1104 1011 quod
1119 920 1248 986 modus
1300 914 1482 1009 dendi”)‚
1517 917 1562 983 ad
1583 912 1780 984 rhetoricas
1796 915 2083 999 distributiones,
2110 927 2147 983 et
2162 917 2290 1007 ampli·

259 1010 439 1085 humanae
470 1015 683 1107 cognitionis
706 1020 819 1088 ferme
846 1043 889 1088 ex
913 1020 1033 1090 multis
1058 1018 1249 1088 accidenti·
1299 1018 1501 1100 ficationes,
1527 1029 1568 1086 ut
1590 1031 1685 1088 totus
1711 1029 1911 1087 monstrum
1939 1029 2009 1100 est,
2035 1017 2072 1085 id
2090 1012 2160 1085 hoc
2185 1030 2289 1109 pacto

260 1118 326 1187 bus
349 1141 459 1187 unam
482 1120 663 1212 quandam
688 1121 906 1191 substantiae
935 1122 1128 1212 imaginem
1148 1120 1250 1189 colli·
1301 1118 1526 1201 dilatabitur,
1551 1117 1581 1187 si
1598 1116 1781 1188 homiuem
1798 1120 1834 1186 in
1852 1143 1981 1209 corpus
1995 1131 2102 1213 atque
2125 1120 2288 1189 animum

261 1219 323 1310 git.
397 1218 587 1290 Caeterum
629 1223 848 1292 substantiae
889 1223 988 1313 ipsae
1026 1224 1249 1313 ignorantur.
1300 1220 1488 1312 partiaris,
1513 1220 1641 1289 deinde
1655 1221 1812 1311 singulas
1829 1222 1990 1313 corporis
2005 1235 2144 1312 partes,
2171 1222 2290 1313 siugu-

260 1319 387 1415 Neque
406 1323 500 1389 enim
516 1312 609 1391 inter
625 1323 798 1394 Catonem
814 1338 850 1393 et
867 1322 997 1394 lulium
1020 1325 1250 1406 internosces,
1301 1324 1353 1393 las
1372 1322 1458 1391 item
1483 1322 1595 1390 animi
1617 1337 1734 1414 partes
1757 1323 1930 1414 attingas,
1962 1336 1997 1392 et
2018 1324 2142 1391 animo
2158 1337 2197 1393 et
2214 1347 2289 1393 cor·

261 1422 395 1494 nisiex
417 1425 548 1514 ligura,
575 1420 900 1518 habitucorporis,
927 1428 1021 1509 oris,
1046 1452 1153 1510 voce,
1179 1437 1250 1495 sta·
1302 1448 1390 1516 pore
1407 1437 1605 1493 monstrum
1628 1439 1690 1495 est.
1742 1424 1893 1508 Oculos,
1919 1449 1972 1507 os,
1996 1426 2148 1507 vultum,
2175 1438 2288 1496 totam

222 1520 228 1530 ’
262 1536 319 1608 tu,
346 1547 484 1613 granu,
509 1539 645 1611 aetate,
671 1528 876 1597 discrimina
896 1527 1109 1624 colligas”).
1302 1526 1456 1619 denique
1489 1527 1651 1616 corporis
1691 1529 1841 1618 liguram
1881 1528 2034 1619 inspice,
2070 1528 2157 1621 quid
2192 1527 2290 1597 aliud

363 1625 481 1697 Habes
506 1629 755 1698 definitionum
778 1632 969 1711 formulas,
995 1654 1084 1724 quas
1108 1643 1147 1700 ut
1170 1626 1251 1697 diii·
1303 1652 1410 1721 quarn
1440 1640 1642 1698 monstrum
1676 1653 1762 1720 prae
1785 1653 1822 1700 se
1851 1628 1996 1700 ierunt?
2054 1632 2169 1723 Atque
2201 1626 2291 1698 haec

262 1739 387 1817 genter
420 1741 455 1797 et
489 1744 651 1800 accurate
692 1755 875 1815 exerceas,
916 1728 1109 1816 adhortor,
1152 1731 1250 1824 quod
1304 1729 1478 1799 orationis
1510 1743 1721 1800 ornamenta
1751 1756 1814 1803 seu
1844 1727 2022 1802 schemata
2047 1756 2089 1801 er
2113 1730 2292 1801 divisione

263 1828 358 1897 ratio
377 1829 581 1899 finitionum
606 1836 770 1923 apprime
792 1835 987 1905 necessaria
1011 1834 1076 1917 sit,
1102 1859 1181 1903 cum
1205 1833 1251 1900 acl
1303 1831 1507 1914 dialectica,
1535 1856 1600 1902 ceu
1614 1858 1657 1903 er
1671 1835 1770 1903 ionte
1792 1833 2019 1917 derivantur,
2045 1846 2122 1903 ute
2143 1833 2291 1925 singulis

264 1930 453 1999 iudicanda
474 1932 675 2015 axiomata,
709 1946 789 2028 tum¹
810 1938 856 2002 ad
880 1949 1173 2024 argumentorum
1198 1934 1252 2003 in·
1304 1934 1497 2004 dialecticis
1525 1934 1633 2018 locis,
1665 1935 1824 2026 singulae
1853 1938 1966 2005 ferme
1995 1932 2185 2006 rhetorum
2206 1937 2292 2026 figu-

265 2033 483 2116 ventionem,
499 2034 536 2101 id
550 2038 648 2127 quod
663 2060 730 2108 usu
745 2036 812 2127 ipsi
828 2037 1030 2121 didicimus,
1045 2039 1163 2129 lapsos
1179 2060 1252 2106 esse
1303 2060 1386 2119 rae,
1420 2035 1458 2104 id
1485 2037 1583 2128 quod
1609 2037 1809 2107 iuratione
1833 2039 2108 2130 argumentandi
2130 2039 2292 2109 ostende·

264 2135 303 2201 in
321 2133 514 2204 iudicando
533 2159 677 2225 graves,
703 2138 940 2224 utvidentur,
967 2153 1141 2222 auctores,
1167 2139 1251 2232 quia
1304 2163 1403 2221 mus,
1429 2150 1633 2209 nascantur.

265 2238 386 2326 inepte
418 2237 589 2309 finissent.
650 2239 762 2309 Plane
793 2254 935 2310 exactae
962 2266 1004 2311 ac
1030 2238 1253 2311 methodicae
1404 2238 1553 2309 Addunt
1576 2235 1632 2309 his
1652 2241 1836 2311 dividendi
1861 2241 1988 2311 formis
2019 2254 2055 2310 et
2079 2241 2290 2311 divisionem

266 2339 519 2430 disputationis
552 2364 616 2410 ceu
641 2343 913 2412 fundamentum
935 2346 1115 2436 quoddam
1139 2342 1258 2434 finitio·
1305 2340 1360 2410 rei
1375 2340 1413 2408 in
1429 2341 1638 2424 accidentia,
1657 2346 1755 2435 quod
1771 2344 1900 2434 probo,
1916 2368 1996 2413 cum
2013 2343 2211 2413 accidentia
2228 2343 2293 2411 dil·

266 2453 330 2510 est.
382 2441 522 2532 Quare,
548 2442 684 2512 simale
699 2444 855 2528 finieris,
880 2441 972 2514 nihil
984 2447 1160 2515 foeliciter
1172 2446 1255 2515 sub·
1305 2443 1478 2512 ferentiae
1494 2444 1568 2513 vice
1583 2459 1820 2536 usurpantur,
1844 2458 1886 2515 ut
1901 2441 2179 2536 pharmacorum
2197 2445 2293 2514 aliud

265 2545 446 2613 struxeris.
1306 2546 1481 2629 salutare,
1507 2547 1604 2615 aliud
1621 2548 1847 2638 pestiferum:
1884 2571 1961 2616 non
1979 2550 2117 2639 probo,
2143 2573 2225 2617 cum
2240 2570 2293 2616 ac·

592 2675 653 2744 1)e
680 2675 927 2749 divisione·
1307 2647 1460 2717 eidentia
1492 2648 1594 2741 quasi
1624 2661 1744 2739 partes
1773 2650 1826 2719 rei
1848 2650 2082 2742 explicamus,
2115 2663 2158 2719 ut
2178 2651 2293 2741 paries

1307 2749 1438 2840 partim
1456 2751 1574 2832 albus,
1601 2751 1732 2841 partim
1748 2752 1861 2844 niger.
1912 2751 2082 2824 Nondum
2098 2751 2196 2821 enim
2211 2752 2293 2823 satis

368 2794 524 2887 Quidam
541 2819 645 2864 voces
660 2794 826 2864 dividunt
840 2796 879 2864 in
894 2797 1109 2887 significata,
1135 2809 1176 2866 ut
1189 2821 1254 2890 po·
1309 2852 1317 2867 .
1410 2852 1419 2867 .
1565 2853 1573 2869 .
2023 2855 2032 2871 .
2151 2854 2161 2870 .

266 2900 390 2992 lypum
413 2897 452 2965 in
472 2896 604 2986 piscem
628 2907 663 2963 et
680 2898 858 2967 morbum.
909 2899 1064 2981 Verum,
1090 2899 1174 2993 quia
1193 2923 1255 2968 vo·
1305 2848 2293 2969 19ιθψ80’ὴωωῐοῐωωωωκ(111151)ωὼΜ’

268 3024 324 3070 ces
346 2997 533 3088 ambiguae
558 3021 704 3089 prorsus
726 3024 745 3066 e
762 2999 945 3069 dialectica
964 3001 1254 3070 exterminandae
1306 2977 1338 3024 ⁸¹
1358 2979 1439 3047 ‘¹⁰¹³
1462 2967 1535 3038 θεῖ’
1562 2957 1774 3025 d¹v¹⁵¹⁰¹¹⁰¹¹¹
1791 2970 1885 3026 ΜΒ
1901 2970 2022 3047 1¹¹‘Pte
2035 2980 2292 3035 mmmm&

267 3115 370 3185 suut,
411 3112 446 3169 et
475 3124 495 3168 a
526 3100 767 3191 grammaticis
790 3114 883 3170 certa
908 3127 978 3172 vox
1011 3114 1125 3171 certae
1148 3101 1256 3193 signi·
1306 3056 1369 3125 ὼ
1384 3058 1712 3126 “mmamdenlffl
1729 3071 1975 3131 numeramus·

267 3203 443 3275 licationis
457 3205 623 3294 petenda,
650 3204 693 3273 de
709 3198 778 3272 hoc
792 3227 920 3296 genere
934 3204 1150 3275 divisionum
1164 3201 1256 3273 nibil

266 3306 552 3402 praescripturus
568 3331 659 3377 sum.
710 3302 787 3376 lmo
805 3309 982 3405 admoneo
1000 3308 1255 3400 disputaturos,

268 3422 330 3480 aut
353 3408 556 3503 quicunque
579 3407 751 3499 privatim
770 3411 1006 3481 versabuntur
1027 3411 1065 3478 in
1088 3411 1255 3500 gravibus
2086 3494 2090 3500 .

268 3537 309 3581 ac
332 3511 465 3602 asperis
488 3511 638 3593 caussis,
669 3523 709 3578 ut
730 3511 887 3603 primum
918 3512 1094 3604 propositi
1120 3511 1255 3603 negotii
1408 3494 1588 3568 Hactenus
1612 3501 1804 3569 denatura
1830 3499 2039 3594 rationeque
2062 3524 2191 3569 vocum
2209 3500 2294 3570 sim-

268 3625 384 3681 certae
409 3612 677 3701 significationis
698 3616 870 3683 vocabula
896 3615 1133 3697 constituant,
1168 3614 1256 3681 alio-
1307 3597 1452 3689 plicium
1472 3599 1705 3694 dl¹l¹¹¹11⁸”)‚
1747 3615 1786 3671 ul
1808 3603 1847 3670 i¹1
1869 3602 2018 3695 Simplici
2039 3597 2194 3669 limmat&
2219 3613 2294 3666 lfa·

269 3713 333 3808 qui
343 3711 420 3780 lieri
436 3736 510 3780 non
529 3725 665 3802 potest,
693 3715 780 3805 quin
799 3716 836 3782 in
857 3718 973 3784 media
994 3715 1255 3799 dissertatione,
1308 3700 1437 3767 (ῑθῦἆθ
1455 3695 1599 3784 habea&
1627 3727 1733 3796 quam
1750 3704 2093 3798 ⁸eq¹1³rl⁸regul³ms
2117 3727 2183 3771 ΕΘΗ
2194 3697 2295 3770 The·

268 3837 389 3883 rerum
414 3838 521 3906 scopo
539 3813 714 3883 excidant.
766 3815 823 3884 Sic
841 3816 934 3885 enim
954 3817 1076 3885 ieiellit
1091 3817 1256 3908 Pelagius
1307 3802 1358 3870 ⁸05
1380 3804 1491 3871 filum·
1541 3802 1742 3874 Plurimum
1769 3807 1862 3875 essim
1885 3806 1994 3875 referi
2011 3807 2120 3888 stlte,
2147 3829 2221 3898 ‘1¹¹⁰
2238 3827 2293 3872 θῖ-

268 3913 467 3986 haereticus
496 3911 709 3996 catholicos,
749 3930 789 3986 ut
816 3930 868 3988 ρει
890 3921 985 4009 apud
1004 3919 1256 4008 Augustinum,
1308 3903 1410 3987 dine,
1436 3928 1505 3997 qua
1521 3905 1578 3971 via
1596 3907 1867 3997 pervestiganda
1885 3909 1931 3978 sit
1949 3909 2103 3978 cuiusvis
2125 3903 2291 3978 thematis

270 4020 368 4113 quod
398 4017 484 4087 alias
515 4016 618 4086 aliter
649 4017 785 4108 gratiae
813 4019 960 4088 nomine
992 4021 1175 4104 utebatur,
1213 4046 1255 4089 co
1307 4016 1449 4074 natura·
1500 4004 1592 4076 Nam
1619 4021 1653 4076 el
1673 4009 1914 4094 ³¹l⁰¹¹¹³ii¹ffl2
1941 4023 1977 4080 el
1997 4023 2291 4101 arii¹¹¹¹¹i¹¹l⁰¹¹¹¹¹¹

269 4145 364 4203 uno,
389 4145 472 4190 usus
488 4121 673 4210 desperata
691 4145 795 4212 saepe
812 4146 954 4207 caussa,
980 4122 1162 4214 perfugio,
1187 4119 1256 4192 hoc
1307 4106 1478 4176 iudicium
1501 4111 1633 4198 pendet
1654 4134 1672 4179 e
1693 4111 1908 4203 simplicium
1926 4109 2126 4182 thematum
2145 4113 2290 4181 ratione.

269 4248 380 4316 genus
402 4222 561 4313 exempla
585 4222 621 4289 in
644 4222 795 4314 dialogis
812 4223 1007 4295 Platonicis
1022 4226 1143 4295 crebra
1161 4238 1255 4296 sunt.
1307 4206 1382 4277 lim
1398 4222 1445 4293 ῑθ,
1458 4210 1582 4293 lecim,
1598 4212 1775 4282 ads¹t⁰110⁰
1791 4239 1865 4283 rem
1884 4215 1997 4306 ipsam
2015 4216 2059 4283 ad
2075 4214 2191 4283 animi
2206 4210 2292 4282 iudi·

269 4328 360 4397 Sunt
384 4339 503 4395 autem
526 4348 656 4415 genera
678 4325 895 4396 divisionum
918 4330 1002 4398 duo.
1053 4326 1256 4399 Dividimus
1308 4311 1401 4381 ilum
1419 4336 1581 4394 ῑθνθῑθδ,
1604 4315 1855 4407 ὓῑῑῦῑθῃῖεθδ,
1882 4317 2101 4386 (ῙῑὸΙθΰῐῑῦὃΠΙ
2123 4339 2200 4387 0⁸⁸0
2223 4335 2292 4383 ⁰⁰¹¹

270 4431 366 4500 enim
390 4454 501 4520 genus
525 4428 563 4496 in
586 4427 718 4519 species
741 4452 805 4519 per
829 4429 1067 4512 differentias,
1093 4442 1152 4512 ug,
1179 4430 1255 4498 ani.
1307 4427 1380 4482 tam
1403 4428 1537 4498 artem,
1570 4440 1676 4507 quam
1702 4422 1881 4511 quendam
1906 4434 2055 4489 naturae
2072 4432 2219 4510 captum
2235 4439 2292 4486 scu

271 4531 460 4613 manuum,
486 4531 583 4624 quod
599 4553 763 4598 sermone
777 4530 902 4615 utitur,
925 4528 1035 4602 homo
1052 4543 1115 4613 est,
1141 4531 1255 4616 Muta,
1307 4540 1469 4600 sensum,
1496 4541 1568 4610 quo
1584 4520 1749 4588 ducimur
1762 4522 1799 4587 in
1813 4522 2106 4612 pervestigandis,
2135 4521 2291 4591 iudicau-

269 4635 354 4716 Μ,
378 4634 455 4717 1003
481 4652 610 4723 capra,
636 4646 672 4700 et
692 4633 842 4726 reliqua,
893 4636 968 4704 Aut
988 4633 1155 4703 findimus
1176 4658 1253 4702 rem
1307 4618 1405 4689 disve
1420 4614 1654 4703 thematibus,
1681 4625 1778 4714 quod
1794 4636 1834 4692 ut
1855 4622 2050 4714 intelligas,
2077 4623 2290 4716 simplicium

270 4735 309 4803 in
325 4747 464 4824 partes,
490 4747 531 4802 ut
544 4758 672 4824 corpus
696 4735 734 4802 in
755 4737 881 4826 pedes,
907 4761 1054 4819 manus,
1081 4749 1254 4820 ventrem,
1307 4716 1503 4790 thematum
1527 4722 1750 4814 quaesiifflies
1767 4726 2019 4816 Praescribam·

271 4848 389 4926 caput.
440 4835 518 4903 l·loc
538 4836 722 4906 dividendi
744 4862 853 4928 genus
876 4835 1001 4907 Cicero
1022 4839 1252 4929 partitionem
1461 4823 1558 4914 Quid
1575 4848 1708 4893 ”⁰⁰¹⁶ss
1724 4827 1907 4918 significet,

270 4950 396 5019 vocat,
429 4948 535 5030 atque
559 4934 617 5005 hic
639 4962 740 5020 cave,
781 4940 879 5032 quod
903 4954 937 5008 et
962 4940 1104 5009 Marcus
1128 4939 1253 5011 Cicero
1459 4924 1556 5015 QUld
1572 4927 1700 5009 ῖθὸὃῖῑ,

270 5042 459 5125 admonet,
498 5062 542 5106 ne
573 5052 691 5130 partes
721 5065 800 5109 cum
830 5043 1011 5133 speciebus
1045 5042 1253 5112 confundas.
1459 5026 1561 5117 Quae
1579 5052 1733 5113 mimae,

270 5143 528 5234 Speciessunt,
555 5165 645 5234 quae
663 5167 790 5234 genere
808 5146 1036 5213 eontinentur
1054 5148 1192 5227 eodem,
1217 5157 1254 5211 at
1459 5129 1561 5220 Quae
1579 5145 1712 5221 Palles,

270 5269 312 5315 ex
336 5228 551 5335 ipsff'genus
574 5267 648 5312 non
676 5246 871 5316 coniicitur.
941 5246 1084 5328 Partes,
1117 5247 1154 5314 id
1180 5271 1252 5340 quo
1460 5231 1567 5322 Q¹¹⁰d
1588 5233 1755 5303 offitium·

270 5342 581 5443 eontinenturffi),
619 5349 828 5429 conficiunt,
866 5349 956 5418 sicut
978 5350 1166 5431 Animam,
1199 5350 1253 5419 vis
1304 5384 1509 5396 Ἦ*

269 5487 474 5505 *u—-u

1307 3259 1422 3330 Usus
1457 3282 1632 3342 eorum,
1673 3285 1785 3354 quae
1818 3266 1868 3331 de
1901 3262 2090 3333 vocibus
2116 3261 2292 3355 simpli·

1560 3362 1684 3433 cibus
1711 3365 1895 3454 prodita
1920 3378 2036 3434 sunt.

1339 5481 1388 5539 22)
1407 5485 1507 5533 annot.
1525 5493 1630 5546 marga
1658 5483 1842 5533 Commoditas
1862 5483 2038 5536 divisionum.

302 5551 350 5607 2⁰)
369 5553 586 5611 Annot.msrg.:
611 5547 771 5597 substantia
786 5548 961 5611 cognoscitur
979 5559 1013 5597 ar
1029 5547 1225 5602 recidentibus.
1277 5548 1281 5623 i
1339 5566 1388 5626 2⁸)
1406 5569 1507 5616 mot,
1526 5578 1631 5631 ηιμ
1659 5569 1732 5618 Usus
1755 5580 1866 5635 corun,
1896 5582 1966 5632 qaae
1989 5569 2169 5632 sinelicium
2186 5571 2292 5625 vocum

301 5635 352 5693 21)
371 5636 559 5692 continentur]
578 5634 620 5685 sic
639 5635 714 5683 reete
732 5633 781 5684 lid.
795 5632 839 5696 ἃς
863 5633 947 5686 uuiti.
962 5634 984 5682 i.
999 5632 1025 5685 ².
1045 5634 1219 5686 conducatur
1276 5629 1281 5693 ξ
1374 5636 1498 5697 praedita
1516 5637 1589 5683 sunt.
