5125 6525
388 434 465 511 405

391 573 564 680 fortunet.
631 603 787 701 Ideoque
820 577 939 674 aneo
965 618 1110 697 petant,
1150 620 1189 675 ut
1220 606 1382 698 ipsorum

395 709 652 784 studlisfaveat
673 722 709 778 et
725 704 868 800 aspiret.
919 707 1047 777 Monet
1064 704 1131 776 hoc

687 843 892 915 Psalrnus
918 839 1089 914 CXXVII.

415 993 419 1003 '
496 981 572 1054 Nisi
591 982 770 1054 Dominus
791 983 1030 1052 aedificaverit
1053 985 1221 1065 domum,
1249 983 1381 1052 frustra

392 1086 553 1168 laborat,
587 1086 747 1180 quisquis
771 1110 848 1152 eam
873 1086 1047 1156 aedificat.
1104 1085 1181 1157 Nisi
1205 1083 1384 1155 Dominus

394 1188 603 1286 custodierit
633 1189 832 1270 civitatem,
871 1189 1001 1258 frustra
1033 1188 1178 1277 vigilat,
1220 1188 1383 1281 quisquis

395 1315 473 1361 earn
491 1292 655 1361 custodit.
698 1288 843 1359 Frustra
862 1302 933 1374 est,
958 1314 1062 1358 mane
1078 1313 1241 1380 surgere,
1268 1290 1383 1381 prius·

395 1417 502 1488 quam
521 1392 655 1475 illuxit,
682 1406 716 1461 et
731 1416 811 1465 sero
829 1393 988 1464 cubitum
1005 1395 1076 1473 ire,
1104 1407 1139 1461 et
1156 1416 1283 1483 magna
1300 1416 1382 1461 cum

392 1494 555 1566 molestia
580 1520 710 1585 panem
734 1498 850 1565 edere.
877 1546 881 1554 .
916 1495 983 1564 Sed
1010 1496 1165 1589 quietem
1199 1499 1261 1562 dat
1284 1493 1383 1565 Deus

334 1636 337 1639 ·
392 1598 456 1680 iis,
481 1622 573 1691 quos
591 1599 718 1688 diligit.
769 1595 859 1666 Ecce
882 1597 943 1664 tilii
963 1594 1165 1668 haereditas
1187 1597 1382 1666 aDomino

393 1711 495 1781 sum,
534 1711 569 1769 et
591 1701 709 1791 proles
733 1722 860 1769 munus
883 1700 988 1769 illius.
1039 1699 1147 1769 Velut
1170 1702 1319 1791 sagittae
1344 1700 1382 1767 io

395 1802 512 1871 valida
531 1826 641 1871 manu
657 1812 759 1883 sunt,
783 1802 831 1870 ita
845 1815 929 1871 sunt
944 1818 979 1872 et
997 1797 1034 1869 hi
1051 1803 1207 1873 iuvenes.
1258 1802 1384 1872 FoeIIx

267 1987 270 1993 Δ
395 1916 466 1987 cst,
499 1906 562 1997 qui
587 1901 793 1995 pharetram
817 1929 917 1974 suam
941 1906 1072 1975 talibus
1092 1905 1274 1995 implevit,
1307 1929 1382 1974 non

394 2006 652 2090 confundetur,
684 2007 822 2100 quoties
846 2007 882 2073 in
908 2020 1011 2098 porta
1038 2032 1094 2078 res
1118 2008 1186 2076 erit
1213 2033 1293 2078 cum
1317 2004 1383 2077 ho·

393 2108 520 2190 stibus.
1219 2128 1223 2141 “

624 2273 936 2370 Paraphresis
961 2278 1151 2362 Psalmi.

393 2417 502 2512 Quod
518 2415 644 2498 struis,
671 2427 707 2484 et
723 2414 823 2484 coelo
843 2428 956 2512 certas
975 2417 1124 2485 educere
1138 2418 1285 2501 molem,
1297 2429 1319 2448 ²·

443 2518 589 2589 Frustra
606 2518 694 2599 erit,
720 2511 788 2585 hoc
802 2519 935 2585 condat
950 2519 988 2586 ni
1004 2516 1242 2589 Deusauctor
1259 2545 1363 2613 opus,

392 2620 500 2715 Quod
516 2619 662 2710 vigilas,
687 2620 885 2713 urbemque
900 2632 963 2689 tuo
978 2621 1032 2691 vls
1048 2619 1165 2690 Marte
1181 2624 1287 2707 tueri,

445 2722 614 2804 Falleris,
640 2721 805 2792 excubias
822 2717 880 2792 hic
896 2722 965 2793 nisi
982 2719 1145 2795 Christus
1161 2738 1255 2816 agat,

392 2823 486 2894 Ante
502 2823 618 2894 solent
632 2846 746 2893 vanae
764 2849 930 2895 somnum
951 2824 1017 2893 tibi
1034 2828 1177 2895 demere
1192 2852 1313 2912 curae,

444 2927 564 3019 Quam
581 2921 720 2994 revehit
734 2927 868 2995 claram
886 2926 1011 2996 lucifer
1024 2927 1101 3019 ipse
1119 2927 1228 2999 diem.
1321 2960 1326 2969 ·

392 3027 535 3100 Etcum
552 3028 658 3119 longa
675 3029 750 3099 dies
764 3029 859 3100 tristi
873 3042 1083 3122 consumpta
1100 3031 1224 3101 labore
1242 3044 1307 3116 est,

445 3132 531 3200 Sera
547 3131 647 3225 quies
667 3155 771 3222 aegre
788 3132 1135 3223 languidamembra
1149 3135 1259 3205 fovet.

394 3232 617 3333 Conarisque
632 3235 765 3305 famem
781 3235 878 3305 nulla
897 3257 972 3304 non
989 3248 1065 3305 arte
1080 3238 1217 3328 fugare,

406 3396 419 3418 ,
443 3334 543 3410 Nihil
555 3338 651 3428 agis,
678 3350 713 3407 et
726 3340 856 3408 frustra
873 3339 1027 3410 sumitur
1042 3341 1107 3410 iste
1123 3340 1238 3410 labor.

393 3441 520 3513 Servat
535 3441 668 3534 alitque
684 3443 764 3533 pios
779 3466 900 3512 rerum
916 3455 1019 3534 pater
1037 3444 1215 3534 optimus,
1242 3444 1326 3512 inde

445 3543 643 3614 Commoda
661 3557 745 3613 suut
759 3545 853 3614 vitae
868 3558 993 3614 cuncta
1011 3548 1163 3636 petenda
1182 3547 1259 3617 tibi.
1318 3581 1327 3593 ·

391 3646 475 3718 Non
485 3648 614 3715 domus
629 3646 704 3735 ipsa
718 3646 797 3728 sibi,
811 3670 885 3715 non
898 3648 982 3717 urbs
996 3661 1093 3717 creat
1106 3651 1182 3740 ipsa
1195 3675 1238 3740 pa
1245 3664 1382 3734 cronos,

442 3747 602 3817 Foeliccs
617 3748 710 3817 cives
725 3749 858 3839 datque
871 3750 1025 3841 facitque
1040 3748 1150 3821 Deus.

390 3847 547 3942 Impetus
563 3861 615 3918 est
629 3849 744 3941 qualis
760 3850 896 3919 volucri
911 3851 1130 3946 rapidaeque
1144 3853 1304 3942 sagittae,

442 3953 567 4046 Quae,
600 3951 770 4044 quicquid
789 3953 892 4042 petiit
906 3954 1047 4043 longius
1061 3967 1159 4037 acta,
1185 3956 1277 4026 ferit.

391 4054 448 4126 Sic
462 4077 677 4148 quocunque
693 4054 789 4146 rapit
803 4055 946 4128 divinus
961 4056 1106 4147 spiritus
1122 4057 1203 4128 illos

441 4155 574 4228 Virtuti
589 4169 721 4248 cogunt
737 4159 860 4227 cedere
876 4172 1001 4229 cuncta
1020 4183 1118 4230 suae.

389 4261 472 4334 Non
488 4261 632 4332 fortuna
654 4260 770 4344 viros,
796 4284 871 4329 non
887 4260 1000 4331 virtus
1016 4261 1147 4332 deserit
1162 4285 1336 4356 unquam,

440 4364 514 4437 Nec
530 4364 668 4434 ruitura
684 4389 770 4434 suae
785 4365 927 4433 moenia
945 4376 1029 4435 sunt
1043 4365 1192 4455 patriae.

676 4567 738 4639 De
766 4568 859 4637 vita
887 4566 1089 4640 humana.

309 4750 311 4755 -
388 4703 497 4798 Quod
513 4706 606 4773 vitae
623 4706 787 4774 sectabor
801 4703 894 4774 iter?
942 4705 978 4775 Si
996 4707 1101 4798 plena
1118 4704 1274 4774 tumultu

388 4807 480 4877 Sunt
495 4807 593 4886 fora;
627 4806 656 4877 si
675 4806 768 4877 curis
783 4809 913 4879 domus
929 4810 1054 4887 anxia;
1088 4807 1118 4877 si
1134 4807 1344 4899 peregrinos

341 4950 345 4959 ·
389 4909 483 4980 Cura
498 4910 627 4978 domus
640 4909 818 5003 sequitur;
846 4923 1064 4980 mercantem
1082 4908 1111 4980 si
1127 4932 1220 4976 nova
1235 4934 1377 5002 semper

387 5010 530 5081 Damna
549 5025 717 5095 manent,
737 5036 878 5095 ,cessare
895 5025 993 5082 vetat
1008 5013 1037 5083 si
1056 5013 1171 5102 turpis
1188 5025 1340 5102 egestam

387 5114 425 5186 Si
441 5127 546 5185 vexat
561 5117 665 5185 labor
680 5117 894 5207 agricolam,
916 5140 1016 5184 mare
1034 5116 1227 5205 naufragus
1243 5109 1377 5184 horror

385 5213 559 5302 Infamat,
584 5243 794 5313 poenaeque
809 5243 935 5310 graves
951 5219 989 5287 in
1004 5217 1139 5287 coelibe
1156 5219 1242 5301 vita,

387 5317 434 5390 Et
448 5322 593 5412 gravior
608 5322 721 5393 cautis
738 5322 897 5392 custodia
918 5314 1009 5389 vana
1028 5321 1184 5399 maritis;

386 5423 627 5516 Sanguineum
648 5426 677 5494 si
693 5424 819 5492 Martis
837 5449 944 5514 opus,
970 5425 1000 5493 si
1018 5424 1135 5515 turpia
1153 5422 1250 5490 lucra
1367 5427 1378 5445 '

252 5564 256 5569 ·
382 5523 414 5596 F
416 5529 575 5610 ueneris,
601 5540 636 5596 et
650 5528 753 5595 velox
768 5526 894 5616 inopes
911 5550 1017 5595 usura
1035 5525 1200 5608 trucidat,

384 5625 503 5699 Omne
521 5654 649 5700 aevum
665 5652 790 5710 curae,
818 5629 954 5697 cunctis
968 5652 1031 5697 sua
1045 5628 1212 5720 displicet
1226 5638 1336 5697 aetas.

882 424 886 430 ‘
971 431 1095 506 Pfflt.
1131 431 1244 507 MRL.
1274 395 1474 538 cenum
1512 436 1849 510 enrnonoctcs.

2350 437 2429 516 404

1435 602 1565 679 Sensus
1582 609 1680 681 abest
1696 611 1816 703 parvis
1831 610 2065 693 lactentibus,
2087 621 2122 678 et
2140 632 2336 702 puerorum

1434 710 1533 781 Dura
1550 713 1776 797 rudimenta,
1800 727 1834 782 et
1853 713 2021 782 iuvenum
2042 714 2233 781 temeraria
2249 716 2362 807 pubes

1434 814 1591 884 Afflictat
1605 818 1751 885 fortuna
1767 817 1863 886 viros
1879 839 1944 908 per
1959 815 2052 918 ¹bella
2067 869 2077 892 ‚
2105 837 2170 906 per
2183 837 2333 910 aequor,

1433 914 1507 987 lr'as
1523 919 1763 1012 insidiasque,
1788 931 2041 1013 catenatosque
2059 917 2220 1000 labores,

1435 1018 1628 1090 Mutandos
1646 1046 1786 1112 semper
1803 1021 2048 1113 gravioribus,
2074 1019 2148 1111 ipsa
2168 1035 2330 1095 senectus

1434 1120 1606 1213 Expectat
1621 1125 1683 1193 diu
1699 1124 1860 1218 votisque
1877 1136 1998 1216 optata
2016 1122 2195 1214 malignis,

1434 1222 1567 1295 Obiicit
1583 1226 1781 1297 innumeris
1795 1251 1924 1319 corpus
1940 1226 2128 1296 lacerabile
2142 1227 2290 1297 morbis.

1435 1329 1645 1419 Spernimus
1659 1330 1696 1397 in
1711 1354 1901 1399 commune
1918 1353 2043 1400 omnes
2061 1330 2274 1420 praesentia.
2305 1330 2428 1426 Quos·

2053 1435 2136 1500 dam

1435 1531 1586 1604 Constat
1600 1534 1697 1603 nolle
1713 1535 1799 1604 deos
1813 1533 1910 1616 lieri,
1938 1530 2084 1603 Iuturna
2102 1534 2293 1603 reclamat:

1435 1635 1518 1728 Quo
1541 1636 1651 1704 vitam
1678 1637 1774 1705 dedit
1799 1634 2008 1706 aeternam?
2053 1636 2126 1706 Cur
2152 1638 2279 1708 mortis
2303 1639 2427 1708 adem-

2054 1752 2114 1829 pta
2136 1753 2187 1810 est

1435 1839 1631 1910 Conditio?
1668 1840 1725 1910 Sic
1742 1839 1912 1911 Caucasia
1928 1842 1993 1910 sub
2006 1865 2095 1933 rupe
2112 1837 2349 1913 Prometheus

1435 1942 1604 2014 Testatur
1621 1944 1918 2034 Saturnigenam,
1943 1967 2010 2013 nec
2022 1946 2170 2014 nomine
2188 1958 2301 2015 cessat

1434 2044 1600 2116 Incusarc
1615 2043 1758 2129 lovem,
1784 2050 1866 2115 data
1883 2046 1929 2116 sit
1942 2049 2040 2139 quod
2057 2048 2129 2115 vita
2148 2046 2328 2140 perennis.

1434 2148 1584 2239 Respice
1603 2162 1638 2216 et
1654 2151 1699 2217 ad
1717 2149 1831 2219 cultus
1848 2149 1972 2218 animi.
2007 2148 2064 2217 Sic
2080 2173 2210 2240 nempe
2228 2149 2396 2242 pudicum

1433 2251 1597 2320 Perdidit
1612 2251 1846 2344 Hippolytum
1866 2275 1940 2319 non
1955 2251 2062 2322 foelix
2080 2275 2162 2322 cuca
2182 2251 2342 2344 pudoris.

1433 2355 1482 2423 At
1498 2342 1621 2423 contra
1637 2346 1812 2424 illecebris
1827 2357 2045 2425 maculosam
2062 2359 2191 2424 ducere
2208 2356 2319 2424 vitam

1434 2454 1551 2548 Quem
1567 2458 1678 2542 iuvat,
1694 2457 1811 2549 aspice
1826 2470 1861 2526 et
1874 2459 1920 2525 ad
1933 2481 2068 2549 poenas
2084 2471 2119 2528 ct
2133 2457 2283 2527 crimina
2298 2479 2424 2550 regum

1433 2557 1570 2630 Tereos
1588 2560 1730 2643 incesti,
1757 2560 1813 2628 vel
1827 2561 1945 2631 mollis
1961 2561 2211 2653 Sardanapali.

1433 2662 1625 2733 Perfidiam
1643 2664 1757 2732 vitare
1773 2677 1923 2732 monent
1937 2665 2004 2733 tria
2021 2663 2157 2734 Punica
2175 2663 2283 2745 bella,
2397 2714 2401 2721 .

1434 2764 1503 2834 Sed
1519 2762 1687 2858 prohibet
1704 2791 1846 2842 servare
1866 2768 1970 2836 fidem
1990 2768 2103 2836 deleta
2123 2767 2314 2858 Saguntos.

1433 2866 1523 2937 Vive
1537 2883 1573 2938 et
1587 2869 1762 2940 amicitias
1777 2894 1919 2961 semper
1935 2870 2031 2952 cole,
2058 2870 2195 2940 crimen
2211 2870 2257 2937 ob
2274 2870 2371 2939 istud

1432 2968 1755 3063 Pithagoraeorum
1774 2973 1882 3062 periit
1896 2969 2015 3044 schola
2036 2974 2139 3042 docta
2158 2968 2372 3064 sophorum.

1433 3072 1511 3141 Hoc
1530 3089 1692 3145 metuens
1707 3075 1816 3166 igitur
1830 3075 1947 3145 nullas
1962 3077 2058 3159 cole,
2084 3076 2221 3143 crimen
2237 3075 2284 3143 ob
2299 3075 2398 3145 istud

1434 3174 1568 3245 'I'imon
1584 3178 1757 3248 Palladiis
1774 3178 1859 3247 olim
1875 3179 2053 3269 lapidatus
2066 3174 2228 3248 Athenis.

1434 3278 1590 3350 Dissidet
1604 3282 1780 3373 ambiguis
1795 3306 1936 3373 semper
1954 3307 2054 3353 mens
2072 3281 2177 3350 obvia
2195 3279 2300 3351 votis.
2333 3332 2336 3337 -

1433 3381 1507 3454 Nec
1523 3385 1677 3456 voluisse
1691 3380 1830 3454 homini
1846 3385 1932 3457 satis
1945 3400 2016 3470 est,
2043 3396 2165 3477 optata
2182 3394 2361 3479 recusant.
2482 3423 2484 3426 <

1433 3484 1518 3557 Esse
1532 3487 1571 3556 in
1588 3483 1726 3558 honore
1743 3489 1873 3580 placet,
1892 3513 1976 3557 mox
1989 3487 2169 3580 poenitet,
2187 3500 2223 3556 et
2238 3486 2424 3555 dominari

1433 3589 1484 3659 Ut
1501 3593 1659 3682 possint,
1685 3591 1819 3661 servire
1835 3592 1982 3671 nolunt;
2009 3592 2104 3660 idem
2124 3604 2248 3659 auctus
2265 3584 2408 3661 honore

1431 3689 1592 3764 Invidiae
1608 3694 1786 3765 obiicitur.
1830 3694 1976 3765 Pernox
1991 3706 2043 3766 est
2059 3718 2143 3764 cura
2163 3693 2315 3776 disertis,

1433 3795 1501 3865 Sed
1518 3798 1618 3867 rudis
1635 3811 1765 3867 ornatu
1779 3797 1874 3867 vitae
1891 3811 1999 3868 caret.
2050 3797 2137 3868 Esto
2158 3809 2332 3888 patronus

1431 3897 1478 3967 Et
1493 3899 1643 3969 defende
1655 3926 1764 3983 reos,
1786 3901 1849 3970 sed
1864 3901 1979 3992 gratia
1996 3924 2077 3968 rara
2093 3899 2243 3968 clientis.

1431 4000 1518 4071 Esto
1536 4002 1666 4087 cliens,
1692 4003 1809 4095 gravis
1824 4002 1966 4094 imperii
1983 4028 2136 4095 persona
2153 3999 2311 4094 patroni.

1430 4101 1606 4174 Exercent
1619 4100 1715 4175 hunc
1729 4116 1814 4175 vota
1829 4120 1995 4196 patrum,
2022 4131 2106 4175 mox
2121 4125 2243 4195 aspera
2262 4100 2358 4172 curis

1431 4207 1643 4278 Sollicitudo
1658 4210 1773 4292 subit,
1800 4210 2042 4278 contemnitur
2058 4210 2144 4278 orba
2162 4216 2321 4276 senectus

1430 4308 1477 4378 Et
1491 4312 1685 4403 captatoris
1700 4314 1833 4404 praeda
1852 4325 1904 4382 est
1920 4309 2085 4382 haeredis
2103 4332 2247 4402 egenus,

1430 4412 1550 4482 Vitam
1567 4439 1696 4507 parcus
1711 4439 1815 4506 agas,
1838 4415 1934 4484 avidi
1951 4416 2153 4485 lacerabere
2169 4412 2279 4495 fama,

1429 4513 1477 4585 Et
1489 4517 1696 4609 largitorem
1717 4519 1860 4608 gravius
1876 4542 2023 4589 censura
2041 4515 2192 4587 notabit.
2266 4590 2269 4594 ,

1431 4617 1565 4690 Cuncta
1583 4620 1646 4688 tibi
1664 4620 1821 4692 adversis
1839 4623 2017 4690 contraria
2035 4621 2173 4691 casibus
2191 4638 2276 4708 ergo

1429 4721 1575 4814 Optima
1587 4722 1781 4792 Graiorum
1797 4727 1985 4808 sententia,
2002 4725 2135 4818 quippe
2149 4717 2291 4790 homini
2306 4715 2423 4799 aiunt,

1428 4825 1512 4896 Non
1536 4826 1634 4896 nasci
1660 4828 1917 4911 essebonum,
1953 4842 2077 4897 natum
2111 4838 2175 4893 aut
2203 4824 2274 4892 cito
2299 4832 2422 4888 morte

2046 4928 2167 5021 potiri.

1710 5101 1843 5170 Dicta
1871 5101 2132 5194 sapientum

1592 5218 1745 5292 Erasmo
1768 5220 2017 5292 Roterodamo
2040 5222 2249 5311 interprete.
2359 5202 2399 5263 Ψ

1636 5387 1906 5458 'Periandri
1931 5383 2182 5458 Corinthii.

1517 5523 1707 5621 *Omnibus
1728 5525 1878 5615 placeto.
1936 5524 2038 5594 Bona
2063 5547 2120 5596 ces
2144 5525 2255 5618 quies.
2311 5523 2421 5593 Peri·

1426 5625 1544 5700 culosa
1568 5629 1762 5697 temeritas.
1819 5627 1968 5720 Semper
1980 5630 2191 5729 'voluptates
2211 5638 2294 5700 sunt
2316 5649 2421 5697 mor·
