5125 6525
265 469 343 548 aa
548 513 565 540 .-
890 456 1679 539 ιιιιι.ιι.ιι.ιιιιιι>ιιιιιιιοιιιιι
1986 477 2022 538 ι
2182 461 2305 576 aa

180 689 184 698 ·
267 657 345 715 tur:
381 653 503 710 tamen
526 649 560 705 et
573 634 656 706 Deo·
677 636 1018 729 obtemperandum,
1046 647 1081 705 et
1102 635 1257 727 patriam
1413 631 1720 724 Principiovero,
1747 635 1844 726 quod
1860 633 2001 725 Regum
2017 634 2307 727 sapientissimus

268 771 346 816 non
362 741 624 814 destituendam
643 764 716 810 esse
734 741 911 811 censebat.
1188 785 1194 802 .
1309 705 1484 805 Salomon
1508 758 1621 805 unum
1648 737 1815 855 pptabat,
1848 736 1919 805 id
1908 760 1984 828 rpse
2009 762 2154 833 quoque
2188 754 2307 832 optat,

370 843 571 936 Respondit
608 854 728 912 autem
759 842 884 934 legatis
912 866 977 934 per
1006 823 1253 910 Mercurinum
1310 863 1391 908 cum
1406 832 1565 907 humana
1581 838 1756 928 sapientia
1777 863 1853 907 non
1875 838 1922 909 sit
1943 864 2009 930 par
2035 852 2157 914 tantae
2175 846 2307 933 guber·

267 951 481 1040 Oratorem
521 941 606 1015 huic
630 946 725 1013 enim
749 968 888 1015 summa
920 944 998 1015 laus
1029 942 1256 1037 eloquentiae
1309 940 1469 1023 nationi,
1496 938 1788 1033 utDeuspectus
1807 954 1843 1009 et
1860 942 2035 1012 consilia
2024 944 2137 1035 apsius
2157 945 2199 1014 in
2220 959 2305 1037 tuga

266 1035 502 1123 tribuebatur
569 1046 664 1118 Usus
694 1059 746 1119 est
772 1047 882 1137 igitur
904 1046 1130 1116 Mercurinus
1159 1046 1259 1116 lucu·
1310 1055 1344 1111 et
1371 1042 1410 1110 in
1434 1042 1545 1111 armis
1566 1056 1685 1133 regat,
1719 1067 1760 1112 ae
1781 1045 1960 1136 perficiat,
1999 1057 2041 1115 ut
2061 1046 2246 1119 Ecclesiae
2271 1063 2307 1119 et

265 1156 362 1224 lenta
381 1151 559 1234 oratione,
580 1163 685 1243 atque
702 1145 909 1220 huiusmodi
926 1150 1034 1219 verba
1050 1149 1150 1219 fecrt
1178 1146 1257 1218 lure
1310 1144 1378 1213 toti
1394 1169 1517 1235 generr
1506 1138 1689 1214 humano
1704 1141 1819 1215 haec
1808 1172 1920 1239 rpsrus
1935 1149 2149 1238 gubernabo
2169 1153 2306 1222 saluta-

265 1258 422 1327 laetatur
445 1254 524 1323 Rex
548 1251 717 1334 Carolus,
762 1277 843 1322 cum
869 1251 1139 1335 benevolentia,
1179 1262 1256 1320 tum
1309 1271 1359 1318 ιιι
1375 1247 1432 1318 ιιι.
1485 1246 1916 1334 MeminitRexCarolus,
1943 1246 2306 1347 erhacipsaflispa·

265 1353 355 1430 vero
383 1358 490 1430 etiam
525 1354 735 1446 gravissimo
766 1354 899 1425 iudicio
932 1355 1064 1426 summi
1094 1355 1258 1436 Senatus,
1308 1350 1369 1417 nia
1402 1351 1493 1421 duos
1523 1349 1704 1442 principes
1734 1353 1780 1420 ad
1809 1348 2006 1444 Imperium
2038 1368 2187 1427 vocatos
2216 1382 2305 1442 esse,

266 1460 482 1533 Germaniae
498 1451 731 1550 Principum,
766 1459 829 1550 qui
850 1470 923 1526 tam
950 1458 1061 1528 dubio
1082 1469 1258 1548 tempore,
1309 1452 1508 1522 Traianum
1528 1464 1563 1521 et
1572 1449 1837 1538 Theodosium,
1864 1480 2020 1549 quorum
2037 1458 2127 1527 alter
2144 1459 2306 1552 optimus

263 1561 411 1656 Imperii
431 1561 729 1653 gubernationem
753 1559 821 1650 ipsi
843 1562 925 1643 uni,
966 1573 1044 1630 tuto
1076 1583 1258 1629 commen·
1310 1554 1509 1647 appellatus
1526 1566 1597 1638 est,
1625 1556 1715 1625 alter
1731 1580 1806 1626 non
1820 1558 1935 1628 solum
1953 1559 2114 1630 bonitate
2130 1575 2166 1631 et
2190 1563 2307 1634 armis

265 1666 345 1736 dari
361 1674 587 1735 censuerunt.
639 1660 737 1753 Quid
753 1664 848 1730 enim
874 1674 934 1732 aut
956 1662 1090 1749 gratius
1102 1662 1146 1738 „ei
1169 1660 1258 1730 acci·
1309 1656 1471 1726 Traiano
1487 1681 1553 1750 par
1570 1656 1656 1741 fuit,
1683 1660 1744 1729 sed
1772 1660 1879 1729 etiam
1904 1657 1973 1730 hac
1997 1663 2306 1750 laudeexcetluit,

265 1771 352 1840 dere
374 1778 512 1859 potest,
553 1787 661 1858 quarn
692 1765 789 1857 quod
817 1765 861 1833 ab
883 1765 1049 1836 universa
1074 1764 1191 1856 patria
1220 1788 1257 1834 se
1310 1762 1409 1853 quod
1426 1757 1640 1830 vereDeum
1664 1761 1791 1846 coluit,
1826 1788 1866 1832 ac
1886 1762 2052 1856 perfecit,
2081 1765 2305 1862 utEvange-

266 1894 350 1939 vere
370 1868 485 1937 amari
509 1865 698 1956 intelligit?
725 1879 787 1936 aut
806 1863 1122 1951 honorificentius,
1147 1890 1257 1961 quam
1310 1862 1399 1931 lium
1425 1862 1532 1933 latius
1556 1876 1837 1954 propagaretur,
1868 1880 1903 1935 et
1928 1868 2155 1937 concordiam
2177 1867 2307 1938 Eccle-

267 1973 365 2068 quod
382 1969 636 2062 saprentrssrmr
649 1969 836 2062 Prmcrpes
849 1983 985 2039 tantam
1002 1996 1071 2062 1ps1
1087 1970 1258 2039 virtutem
1309 1966 1383 2035 siae
1402 1965 1482 2056 pie,
1507 1966 1694 2056 diremptis
1716 1967 1888 2053 dissidiis,
1921 1969 2117 2041 constituit.
2157 1971 2207 2039 fli
2229 1974 2304 2042 duo

265 2076 450 2157 tribuunt,
492 2085 527 2141 et
561 2073 662 2164 quasi
698 2072 920 2155 divinantes,
970 2098 1048 2142 eam
1081 2096 1181 2191 spem
1214 2074 1258 2141 de
1309 2067 1746 2159 PrincipeserHispania
1765 2072 1921 2158 evocati,
1948 2098 2027 2143 cum
2049 2073 2186 2144 fuerint
2210 2075 2305 2145 salu·

265 2168 460 2273 ipsiuslide
478 2188 513 2243 et
533 2173 699 2243 felicitate
722 2188 981 2266 conceperunt,
1014 2175 1195 2246 neminem
1218 2187 1259 2245 ut
1310 2183 1405 2241 tares
1434 2171 1514 2239 orbi
1544 2184 1742 2240 terrarum:
1784 2174 1940 2246 laetatur
1964 2176 2099 2247 omine
2160 2176 2304 2248 Horum

267 2283 313 2351 ad
333 2277 404 2350 hoc
426 2276 572 2370 Imperii
591 2276 793 2367 fastigium,
819 2302 927 2371 quam
946 2278 1082 2370 ipsum,
1108 2271 1257 2347 evebere
1310 2271 1470 2364 exempla
1487 2273 1556 2344 sibi
1574 2288 1772 2365 proponet,
1799 2288 1834 2344 et
1848 2301 2080 2348 annumerarr
2069 2278 2303 2351 laudatissi-

266 2380 486 2453 maluerint?
538 2377 701 2449 Vicissim
727 2381 837 2470 igitur
859 2395 895 2449 et
915 2382 1054 2472 patriae
1076 2381 1258 2471 pietatem,
1309 2375 1378 2446 mis
1402 2375 1685 2467 imperatoribus
1711 2378 1818 2447 volet.
1877 2380 2023 2451 Summa
2050 2384 2166 2453 virtus
2190 2383 2304 2452 maio·

267 2500 304 2556 et
319 2484 479 2576 cognatis
494 2481 723 2571 Principibus
739 2483 1028 2552 benevolentiam
1046 2495 1257 2575 perpetuam
1309 2502 1391 2547 rum
1413 2476 1517 2547 fuit
1507 2502 1544 2545 ιιι
1566 2491 1719 2570 utraque
1736 2480 1893 2567 familia,
1919 2484 2105 2554 Austriaca
2121 2499 2158 2555 et
2174 2484 2302 2576 Hispa·

265 2587 467 2682 pollicetur.
521 2582 789 2654 Deliberantem
812 2597 932 2655 autern
954 2586 997 2655 de
1021 2584 1176 2678 Imperio
1202 2610 1259 2654 ao·
1309 2580 1403 2651 nica.
1460 2579 1599 2650 Harum
1623 2580 1821 2653 similitudo
1845 2585 1883 2653 in
1904 2588 2012 2677 Regis
2027 2585 2149 2656 Caroli
2172 2600 2301 2657 natura

266 2688 432 2782 dipiendo
462 2686 624 2757 diversae
656 2711 761 2757 curae
790 2687 853 2756 diu
878 2701 1123 2758 exercuerunt.
1181 2686 1259 2758 Etsi
1311 2695 1346 2752 et
1362 2683 1483 2752 indole
1500 2683 1572 2752 iam
1587 2683 1769 2777 praeclare
1789 2686 1894 2759 lucet.
1953 2689 2156 2761 Comitatus
2182 2704 2304 2761 autem

266 2793 361 2862 enim
387 2790 510 2882 magni
534 2790 646 2857 animi
670 2802 740 2874 est,
782 2814 858 2858 non
882 2791 1054 2860 deterreri
1082 2791 1175 2860 mole
1203 2813 1258 2858 re·
1310 2785 1458 2856 felicitas
1473 2810 1554 2856 curn
1573 2798 1730 2857 caeteras
1751 2788 1920 2876 virtutes,
1954 2806 2029 2863 turn
2056 2817 2142 2862 vero
2167 2793 2305 2885 praeci·

265 2918 368 2977 rum,
401 2904 436 2961 et
455 2892 700 2982 magnitudine
722 2892 987 2984 periculorum,
1020 2917 1112 2986 quae
1135 2892 1259 2962 viden·
1310 2912 1380 2979 pue
1401 2887 1571 2980 pietatem
1597 2913 1679 2979 erga
1702 2888 1840 2977 Deum,
1873 2895 2026 2988 quaein
2047 2893 2145 2987 Rege
2170 2895 2303 2967 Catulo

267 3010 327 3066 tur
357 2995 565 3085 impendere
596 2993 752 3063 intuenti
781 3018 876 3063 nunc
907 2993 1067 3077 ltaliam,
1115 2994 1257 3088 quae‘a
1311 2991 1455 3062 eminet.
1507 2990 1628 3084 Quare
1644 3016 1722 3087 spes
1739 3006 1791 3064 est
1809 2996 1883 3067 eius
1906 2998 2205 3089 gubernationem
2226 3000 2304 3068 fau·

266 3098 381 3171 Gallis
397 3109 560 3179 tenetur,
587 3095 834 3167 nunc'l'urcas
852 3097 1104 3168 denuntiantes
1124 3097 1256 3166 bellum
1310 3105 1423 3178 stam,
1463 3093 1600 3163 felicem
1626 3106 1661 3165 et
1682 3097 1873 3168 salutarem
1895 3101 1972 3171 fore
1997 3102 2077 3169 orbi
2100 3114 2302 3172 terrarum:

263 3199 483 3275 Pannoniis:
511 3211 729 3270 tamencum
749 3224 831 3268 vere
845 3200 891 3270 srt
905 3200 1026 3269 drvrna
1052 3224 1108 3271 res
1131 3200 1259 3292 guber·
1310 3207 1346 3265 et
1362 3208 1401 3266 ut
1415 3197 1479 3279 ιιι
1507 3220 1631 3270 omnes
1647 3197 1734 3270 boni
1749 3213 1827 3271 toto
1844 3216 1988 3296 pectore
2004 3217 2088 3274 vota
2106 3206 2226 3276 facere
2239 3206 2305 3276 de·

264 3305 386 3401 natio,
405 3325 487 3373 nec
506 3301 576 3373 nisi
601 3303 783 3395 aspirante
799 3302 898 3386 Deo,
931 3303 1015 3373 felix
1037 3327 1112 3374 esse
1135 3302 1258 3396 possit,
1309 3299 1407 3370 bent
1460 3300 1519 3369 Tu
1545 3326 1651 3385 vero,
1683 3300 1767 3372 Dux
1780 3303 1983 3392 Frrderrce
2010 3308 2081 3391 ito,
2108 3321 2145 3378 et
2170 3308 2305 3401 princi-

266 3419 455 3479 contantes
486 3418 522 3475 et
549 3405 713 3497 religiose
744 3402 899 3498 Imperia
928 3406 1133 3498 accipienda
1164 3417 1259 3476 sunt.
1309 3400 1650 3522 pibusElectoribus
1668 3406 1799 3496 gratias
1817 3410 1932 3501 agito,
1959 3434 2115 3505 quorum
2132 3412 2304 3504 cognovit

265 3509 486 3583 Haeretiam
503 3508 698 3600 Hispania,
732 3508 797 3579 etsi
822 3509 915 3578 vires
938 3533 1037 3592 suas,
1065 3531 1158 3603 quae
1181 3532 1256 3578 non
1309 3504 1477 3575 eximiam
1494 3530 1576 3597 erga
1594 3534 1631 3579 se
1647 3509 1933 3582 benevolentiam
1953 3538 2045 3594 esse;
2073 3537 2114 3583 ac
2134 3516 2304 3585 volunta·

265 3627 352 3686 sunt
373 3613 540 3703 exiguae,
573 3612 618 3680 ad
642 3611 847 3681 societatem
871 3635 994 3682 rerum
1017 3614 1255 3703 gerendarum
1309 3619 1360 3678 tes
1384 3633 1508 3678 eorum
1532 3613 1764 3697 confirmato,
1791 3628 1826 3684 et
1847 3613 2105 3708 Imperatorem
2129 3616 2302 3688 Carolum

267 3716 391 3785 offert·
418 3726 541 3781 tamen
555 3737 673 3804 rpsum
686 3712 822 3803 Regem
842 3713 960 3797 dorni,
992 3713 1127 3784 '‘velut
1116 3737 1155 3782 ιιι
1178 3737 1257 3806 spe·
1308 3724 1429 3802 petere
1443 3711 1574 3798 drcrto
1600 3728 1641 3784 ut
1660 3715 1729 3807 ipsi
1751 3729 1923 3812 tanquam
1949 3721 2112 3789 custodes
2137 3719 2301 3812 publicae

266 3817 345 3887 cula
362 3814 483 3915 regni,
510 3815 692 3885 assiduum
705 3839 779 3886 esse
797 3815 930 3885 mallet
988 3815 1256 3907 Sederegione
1308 3807 1423 3905 pacis,
1456 3839 1518 3885 sua
1541 3815 1630 3903 fide,
1664 3822 1876 3906 concordia,
1902 3824 2055 3906 virtute,
2081 3823 2301 3893 Germaniae

266 3922 397 3990 durum
419 3917 627 4001 videbatur,
666 3917 804 4009 patriae
827 3942 932 4010 opem
958 3919 1104 4011 abipso
1127 3919 1256 4010 implo-
1308 3917 1604 4011 tranquillitatem
1641 3932 1828 4008 tueantur,
1878 3927 1992 3995 donec
2025 3921 2273 4018 Imperator
2264 3949 2303 3995 ιιι

216 4006 220 4012 ’
264 4021 362 4093 ranti
396 4022 528 4091 deesse.
597 3971 715 4090 Movit
742 4021 850 4090 etiam
878 4020 1038 4092 animum
1069 4023 1254 4112 gentilium
1308 4018 1541 4090 Germaniam
1559 4023 1696 4108 veniet,
1723 4027 1948 4120 quiquidem
1967 4029 2160 4144 adventum
2181 4043 2303 4100 matu-

264 4126 392 4204 decns,
421 4134 529 4216 atque
549 4116 740 4195 honesturn
764 4148 838 4194 esse
855 4123 1008 4208 iudicat,
1035 4124 1094 4193 avi
1112 4139 1147 4194 et
1168 4148 1256 4217 pro·
1308 4145 1390 4190 rare
1407 4124 1689 4215 quamprimum
1707 4129 1876 4201 decrevit
2326 4127 2332 4133 ’

265 4227 325 4299 avi
349 4225 510 4317 exempla
535 4225 648 4320 sequi.
706 4225 753 4296 Et
777 4251 857 4297 curn
885 4250 972 4297 avus
997 4228 1171 4320 collapsas
1200 4251 1256 4297 res
1411 4224 1508 4295 Haec
1535 4251 1615 4296 cum
1638 4229 1864 4302 Mercurinus
1889 4231 2054 4315 dixisset,
2093 4243 2165 4300 tota
2194 4230 2299 4300 curia

183 4383 188 4390 ‚
262 4354 388 4402 rursus
418 4329 593 4413 erexerit,
635 4353 787 4425 cumque
821 4325 905 4400 huic
936 4330 1094 4399 familiae
1119 4329 1255 4423 potitae
1307 4325 1464 4398 laetitiae
1485 4330 1610 4422 plena,
1637 4357 1712 4424 regr
1703 4333 1863 4404 Carolo
1886 4349 1921 4404 et
1942 4331 2158 4427 Imperatori
2175 4333 2303 4403 omnia

262 4427 334 4505 boc
352 4433 514 4525 fastigio,
545 4443 666 4501 tantae
689 4432 901 4504 accesserint
922 4458 1026 4524 opes:
1060 4433 1256 4503 arbitratur
1307 4431 1423 4500 fausta
1452 4434 1678 4523 precabatur.
1738 4437 1866 4507 Postea
1895 4437 2048 4529 scriptae
2069 4449 2154 4508 sunt
2176 4437 2303 4507 literae

263 4535 436 4607 divinitus
458 4530 553 4604 hanc
573 4535 747 4605 familiam
769 4538 816 4604 ad
835 4533 982 4627 Imperii
1011 4535 1255 4606 defensionem
1308 4533 1353 4600 ad
1375 4531 1577 4620 Electores,
1611 4538 1649 4609 in
1679 4540 1808 4632 quibus
1830 4539 1908 4609 Rex
1929 4564 1966 4610 se
1987 4538 2185 4632 Imperium
2206 4564 2304 4610 acce·

262 4637 400 4707 vocari.
461 4636 651 4707 Postremo
682 4638 790 4708 etiam
820 4638 1025 4731 principum
1049 4639 1255 4709 Electorum
1307 4635 1400 4726 pisse
1423 4641 1633 4729 profitetur,
1667 4654 1703 4710 et
1727 4644 1771 4711 de
1794 4644 2045 4729 constituendo
2069 4655 2164 4712 statu
2188 4640 2304 4735 Impe-

264 4737 360 4811 votis
376 4750 412 4807 et
428 4737 560 4807 iudicio
577 4754 828 4831 permovetur,
859 4754 989 4811 utrem
1007 4742 1169 4812 omniurn
1187 4742 1255 4813 dil·
1307 4737 1373 4822 rii,
1407 4735 1497 4809 nibil
1521 4743 1598 4813 sine
1619 4744 1769 4815 consilio
1787 4743 1994 4815 Electorum
2021 4747 2202 4816 facturum
2227 4769 2302 4816 esse

261 4841 480 4925 bcillimam,
528 4838 673 4934 Imperii
707 4844 1026 4935 gubernationem,
1077 4845 1254 4937 suscipere
1307 4843 1506 4932 profitetur.
1537 4843 1808 4917 Commemorat
1819 4848 1887 4919 sibi
1903 4849 2192 4918 benevolentiam
2206 4849 2304 4940 ipso·

261 4945 383 5017 minus
398 4957 547 5016 recuset.
1307 4967 1387 5013 rum
1420 4945 1712 5019 iucundissimam
1748 4975 1842 5035 esse,
1873 4964 1909 5020 et
1939 4952 2141 5022 voluntates
2175 4971 2304 5020 eorum

275 5116 278 5121 ,
365 5046 459 5118 Tam
486 5047 620 5118 multae
643 5071 768 5138 graves
798 5071 927 5118 causae
955 5073 1036 5119 cum
1065 5074 1255 5123 concurre-
1307 5047 1507 5122 confirmat
1558 5051 1747 5123 Postremo
1767 5054 1957 5146 pollrcetur
1971 5055 2078 5124 enam
2095 5054 2198 5123 brevr
2213 5078 2252 5125 se
2265 5077 2304 5122 ιιι

260 5162 359 5232 rent;
398 5175 550 5246 cumque
574 5149 746 5220 divinitus
768 5174 805 5221 se
828 5151 952 5220 vocari
980 5154 1025 5221 ad
1045 5150 1255 5247 Imperium,
1307 5149 1539 5225 Germaniam
1565 5169 1756 5226 venturum
1782 5180 1866 5228 esse.
1931 5156 2017 5227 Ut
2006 5157 2116 5246 igitur
2140 5157 2303 5227 sollicitis

255 5253 401 5346 patriae
424 5277 599 5327 consensu
622 5263 809 5324 statueret:
849 5257 1016 5340 tandem,
1048 5260 1146 5350 quod
1171 5258 1255 5328 felix
1305 5251 1530 5329 Electoribus
1553 5259 1820 5352 quamprimum
1847 5260 2013 5331 voluntas
2036 5258 2160 5330 Caroli
2186 5257 2302 5351 Impe-

259 5355 489 5452 fauatumque
512 5355 579 5439 sit,
611 5351 806 5447 Imperium
834 5358 994 5449 accipere
1009 5356 1087 5428 Rex
1103 5359 1255 5432 Carolus
1306 5359 1437 5430 tatoris
1460 5358 1742 5452 significaretur,
1781 5361 1985 5434 Fridericus
2006 5362 2197 5434 Palatinus
2223 5386 2302 5431 am·

237 5458 439 5551 decrevit,
466 5468 503 5529 et
516 5453 610 5527 banc
632 5458 855 5529 voluntatem
880 5484 1005 5545 suam,
1030 5444 1114 5532 Dux
1129 5461 1253 5534 Fride·
1306 5460 1474 5551 plissimis
1493 5465 1701 5538 muneribus
1717 5478 1886 5551 ornatus,
1912 5466 2032 5538 statim
2051 5465 2219 5537 dimissus
2237 5477 2303 5537 est.

259 5559 353 5646 rice,
379 5585 399 5631 a
421 5574 455 5631 te
480 5584 611 5652 exponr
600 5558 868 5645 Electorrbus
901 5576 935 5633 et
948 5564 1148 5656 perferri
1137 5591 1176 5637 ιιι
1199 5579 1253 5637 to·
1409 5565 1540 5637 Caesar
1565 5581 1684 5638 autern
1710 5567 1815 5639 initio
1844 5568 1938 5641 veris
1970 5593 2012 5639 ex
2032 5569 2208 5661 Hispania
2230 5569 2304 5640 sol·

260 5672 336 5733 tam
354 5663 591 5736 Germaniam
604 5664 829 5759 postulat.
1306 5689 1392 5747 rens
1407 5670 1548 5741 traiecit
1560 5670 1600 5742 in
1607 5669 1798 5764 Angliam,
1819 5671 1916 5745 ubia
1932 5671 2030 5766 Rege
2038 5669 2305 5747 flenncovut.
