5125 6525
783 394 859 471 vu
910 371 1616 472 murmnums'nuuscncus
1641 390 1804 467 aare).
1928 393 1930 400 ⁴
2206 339 2301 477 'aas
2411 463 2417 472 ,

264 397 344 475 25⁸

266 574 318 645 ris
332 569 538 665 Tarquinii,
566 591 726 651 accuses,
752 592 845 663 quae
858 569 1008 638 minime
1022 564 1189 639 muliebri
1204 564 1259 634 in·
1310 562 1428 635 Nemo
1442 563 1606 658 queritur
1619 563 1765 656 Syrum,
1778 562 1898 636 neseio
1912 591 2033 659 quem,
2052 570 2097 638 de
2110 593 2215 661 grege
2230 597 2297 643 no·

267 674 374 769 genio
392 685 428 743 et
438 685 519 742 arte
535 694 685 763 regnum
700 669 891 741 affectavit.

1310 664 1481 738 vitiorum
1501 665 1633 735 fartum
1657 688 1732 737 esse
1750 664 1968 739 Consulem?
2016 668 2101 741 Non
2116 672 2213 742 enim
2231 698 2298 746 nos

1310 768 1411 838 color
1430 768 1497 839 iste
1519 768 1676 851 servilis,
1702 791 1777 839 non
1799 768 1936 862 pilosae
1958 793 2091 862 genae,
2116 796 2191 843 nou
2211 777 2298 845 den·

687 838 835 911 ilem·
1309 882 1363 942 tes
1382 868 1519 964 putridi
1540 871 1776 962 deceperunt,
1809 871 1924 956 oculi,
1949 873 2161 966 supercilia,
2185 876 2298 961 frons,

368 974 425 1044 Ab
466 986 582 1045 aetate
616 986 888 1065 argumentatur
922 971 1046 1055 Mitio,
1088 994 1257 1043 excusans
1309 972 1428 1044 vultus
1449 971 1604 1066 denique
1627 986 1745 1057 totus,
1777 974 1840 1068 qni
1861 998 1980 1045 sermo
2001 974 2148 1070 quidam
2168 978 2298 1052 tacitus

267 1076 502 1149 adulescentis
525 1074 705 1155 delictum.
1309 1075 1437 1145 mentis
1460 1088 1530 1157 est,
1557 1071 1614 1144 hic
1637 1075 1673 1143 in
1693 1099 1852 1146 errorem
1872 1072 2037 1149 homines
2051 1078 2214 1171 impulit,
2238 1077 2298 1150 hie

1308 1201 1389 1259 eos,
1415 1176 1544 1270 quibus
1560 1189 1637 1246 erat
1652 1177 1812 1268 ignotus,
1838 1178 1996 1271 decepit,
2017 1180 2159 1265 fefellit,
2184 1176 2242 1251 hic
2258 1182 2297 1251 in

1306 1279 1470 1350 fraudem
1495 1278 1646 1348 induxit.
1712 1278 1805 1349 Hinc
1829 1293 2080 1371 argumentum
2103 1305 2212 1377 queas
2234 1295 2312 1375 pe·'

369 1380 467 1450 llaec
482 1380 575 1450 alias.
586 1380 804 1471 corrumpit,
831 1379 920 1451 alias
935 1379 1081 1448 adiuvat
1097 1391 1131 1446 et
1150 1401 1256 1446 exco-
1308 1395 1404 1464 tere,
1427 1381 1459 1451 si
1473 1379 1609 1451 Valerii
1623 1380 1773 1452 Corvini
1786 1382 2058 1455 describendum
2080 1383 2217 1457 facinus
2238 1384 2297 1469 sit,

266 1482 309 1551 lit
322 1482 483 1574 ingenia,
508 1495 543 1551 et
558 1485 604 1551 ad
619 1482 865 1553 immutandos
878 1481 1020 1552 animos
1035 1475 1126 1549 nihil
1140 1481 1255 1549 effica-
1307 1484 1370 1576 qui
1396 1495 1496 1555 vasto
1523 1492 1559 1553 et
1583 1481 1734 1553 immani
1757 1510 1908 1577 corpore
1931 1485 2074 1557 Gallum
2101 1488 2297 1582 quendam,

235 1584 342 1653 cius
362 1608 408 1654 ea.
425 1608 499 1655 esse
522 1584 644 1654 multis
665 1596 889 1675 compertum
913 1595 966 1655 est
989 1582 1171 1674 exemplis.
1223 1581 1256 1650 A
1306 1585 1425 1677 impar
1446 1584 1523 1679 ipse
1544 1584 1681 1657 viribus
1706 1599 1742 1657 et
1763 1583 1889 1659 habitu
1908 1590 2088 1681 corporis,
2121 1587 2296 1681 singulari

265 1684 452 1778 disciplina
461 1684 510 1779 ⁸⁸)
529 1685 582 1757 M.
599 1685 724 1756 Cicero
741 1696 1014 1776 argumentatur
1030 1707 1097 1777 pro
1114 1682 1155 1755 1..
1174 1682 1255 1754 Mu·
1307 1688 1502 1758 certamine
1523 1687 1618 1759 vicit.

265 1810 374 1871 rena,
400 1789 438 1858 in
462 1786 514 1861 M.
533 1786 686 1857 Catone:
730 1784 888 1871 ludices,
907 1783 995 1857 haec
1016 1788 1137 1869 bona,
1162 1808 1254 1880 quae

266 1888 428 1962 videmus
444 1888 566 1959 divina
584 1889 791 1981 etegregia,
816 1890 928 1981 ipsius
941 1888 1067 1960 scitote
1083 1913 1157 1959 esse
1172 1912 1255 1980 pro·
2069 1959 2073 1982 .
2292 1965 2294 1970 ¹

265 1991 365 2084 pria,
405 2013 497 2085 quae
524 2014 787 2085 nonnunquam
819 1992 1058 2086 requirimus,
1100 2014 1141 2059 ea
1171 2002 1255 2060 sunt
1407 1979 1440 2047 Α
1462 1977 1607 2048 f⁰r¹⁰¹1³
1630 1990 1944 2068 argumentamur,
1980 2003 2091 2074 qu⁰¹11
2116 1982 2160 2051 de
2185 1980 2296 2052 servi·

216 2131 226 2147 .
265 2092 388 2163 omnia
411 2117 486 2162 non
509 2116 529 2163 ῃ
550 2106 704 2176 natum,
741 2117 864 2164 verum
889 2116 909 2162 a
935 2093 1120 2185 magistro,
1170 2092 1255 2162 Fuit
1306 2090 1400 2159 tute,
1433 2079 1617 2161 libertate,
1649 2074 1849 2152 honoribus
1872 2081 2030 2172 agimus,
2069 2083 2188 2177 qualia
2211 2094 2296 2154 sunt

265 2188 362 2267 enim
378 2185 527 2289 'quidam
543 2220 685 2267 summo
702 2195 847 2287 ingenio
865 2196 923 2265 vir
938 2196 1057 2281 Zeno,
1084 2195 1254 2265 cuiugin.
1306 2180 1417 2250 mulla
1452 2181 1490 2250 ln
1518 2180 1762 2253 CiceronlflnlS
1797 2184 2043 2267 orationibus,
2080 2208 2160 2256 Cum
2195 2184 2294 2270 alibi,

264 2309 455 2368 ventorum
477 2298 609 2368 aemuli
627 2297 739 2369 Stoici
761 2298 1015 2383 nominantur,
1047 2293 1153 2369 huius
1175 2320 1254 2369 sen·
1306 2295 1381 2352 ium
1404 2306 1472 2374 1²¹⁰
1492 2281 1679 2356 Dei⁰1³r00
2019 2313 2023 2322 ·

234 2419 237 2424 ⁴
259 2399 396 2469 ¹tentiae
418 2412 560 2473 suntet
585 2412 773 2492 praecepta
799 2401 988 2472 eiusmodi.
1049 2399 1174 2470 Gratia
1199 2421 1254 2469 sa·

263 2501 421 2594 pientem
444 2525 632 2595 nunquam
654 2502 811 2586 moveri,
843 2526 1028 2596 nunquam
1054 2501 1252 2593 cuiuspiam

263 2603 392 2674 delicto
421 2603 626 2694 ignoscere,
669 2605 851 2674 neminem
880 2604 1148 2675 misericordem
1179 2626 1253 2673 esse
1406 2600 1490 2674 Non
1505 2625 1634 2694 parum
1651 2605 1760 2674 refert
1775 2616 1954 2696 spectare,
1987 2609 2171 2700 quomodo
2196 2609 2293 2702 quis·

264 2704 333 2777 nisi
353 2704 501 2776 stultum
524 2718 560 2775 et
575 2706 711 2790 levem,
739 2707 807 2775 viri
822 2730 898 2776 non
916 2730 1010 2791 esse,
1034 2731 1152 2801 neque
1171 2729 1253 2775 exo·
1305 2728 1374 2799 que
1398 2703 1545 2774 affectus
1566 2705 1623 2777 sit.
1673 2705 1766 2777 Nam
1782 2730 1826 2777 ex
1839 2708 2140 2800 propensioribus
2153 2710 2293 2781 animo·

220 2838 223 2847 ·
263 2807 359 2890 reri,
385 2831 503 2902 neque
526 2808 684 2899 placari,
710 2811 806 2881 solos
820 2809 998 2901 sapientes
1014 2832 1111 2891 esse,
1139 2809 1169 2879 si
1183 2808 1254 2878 dis·
1305 2832 1386 2877 rum
1410 2807 1635 2877 coniecturae
1661 2810 1855 2879 admodum
1887 2811 2089 2902 probabiles
2119 2811 2291 2903 colligun-

264 2908 451 2980 tortissimi
472 2909 565 2992 sint,
590 2912 788 2995 formosos,
813 2911 843 2982 si
865 2910 1137 2994 mendicissimi,
1163 2909 1253 2994 divi·
1305 2923 1375 2981 tur.
1426 2907 1614 2980 Eiusmodi
1639 2922 1851 3001 argumenta
1873 2925 1958 2983 sunt
1979 2924 2015 2983 et
2036 2916 2132 3005 apud
2150 2912 2291 2985 Cicero·

263 3024 327 3096 tes,
347 3011 599 3084 si'servitutem
614 3014 785 3099 serviant,
808 3037 926 3105 reges;
960 3025 1172 3097 nosautem,
1190 3013 1261 3107 qui.
1305 3036 1385 3080 nem
1401 3036 1469 3103 pro
1486 3012 1640 3082 Milone:
1667 3010 1768 3085 Fecit
1780 3016 1905 3100 iratus,
1926 3014 2009 3084 iecit
2023 3016 2201 3100 inimicus,
2223 3016 2292 3088 suit

262 3115 440 3207 sapientes
456 3138 531 3183 uon
546 3139 687 3199 sumus,
707 3115 889 3207 fugitivos,
907 3116 1044 3200 exules,
1065 3112 1184 3186 hostes
1192 3113 1259 3210 ⁸¹),
1304 3116 1401 3185 ultor
1415 3114 1580 3198 iniuriae,
1603 3116 1752 3206 punitor
1770 3117 1904 3187 doloris
1917 3116 2040 3212 sui⁸').
2074 3116 2121 3187 Et
2136 3119 2181 3187 de
2196 3120 2290 3188 Aru·

261 3216 407 3288 insanos
423 3218 578 3312 denique
594 3242 668 3290 esse
685 3218 820 3291 dicunt.
871 3216 1005 3289 Omnia
1019 3232 1162 3312 peccata
1179 3241 1252 3288 esse
1303 3216 1440 3309 spicum
1461 3218 1656 3309 responsis:
1687 3218 1757 3289 Sed
1783 3229 1905 3288 tamen
1924 3218 1998 3289 mei
2011 3218 2095 3288 facti
2110 3218 2288 3288 rationem

261 3320 384 3412 paria,
417 3344 523 3389 omne
548 3321 715 3391 delictum
740 3323 852 3393 scelus
871 3346 945 3393 esse
961 3321 1161 3404 nefarium,
1186 3343 1252 3389 nec
1304 3342 1481 3409 exponere
1505 3318 1575 3390 illis
1597 3319 1701 3403 volo,
1731 3320 1795 3413 qui
1818 3316 1985 3391 hesterno
2006 3320 2064 3389 die
2087 3321 2212 3389 dolore
2231 3344 2289 3390 me
2341 3413 2343 3416 y

365 1324 368 1332 ¹
472 1243 692 1315 Educatio
720 1258 761 1312 et
787 1243 1049 1334 disciplina.

1691 1838 1906 1911 Portuno.

1600 2464 1751 2536 Animi
1778 2470 1998 2541 conditio.

261 3420 380 3493 minus
405 3422 613 3516 delinquere
639 3447 743 3505 eum,
776 3424 839 3516 qui
854 3424 986 3513 gallum
1003 3423 1252 3514 gallinaceum,

262 3548 342 3594 cum
366 3547 457 3615 opus
482 3548 558 3592 non
580 3523 709 3607 fuerit,
736 3548 845 3617 quam
868 3525 931 3618 qui
947 3538 1085 3616 patrem
1100 3524 1251 3594 suffoca·

261 3624 366 3696 verit.
416 3623 622 3717 Sapientem
642 3620 735 3695 nihil
757 3625 920 3717 opinari,
945 3628 1077 3698 nullius
1098 3627 1150 3695 rei
1166 3650 1251 3718 poe·

260 3726 397 3810 nitere,
419 3727 517 3797 nulla
535 3727 573 3795 in
588 3751 627 3795 re
647 3728 742 3810 falli,
768 3729 979 3799 sententiam
1002 3742 1141 3800 mutare
1159 3752 1250 3799 nun·

262 3851 385 3923 qnam.
420 3827 499 3899 Hoc
519 3824 630 3899 homo
650 3830 955 3921 ingeniosissimus
974 3833 1024 3904 M.
1042 3833 1131 3902 Cato
1149 3822 1250 3901 autoss

261 3931 362 4003 ribus
385 3932 634 4004 eruditissimis
656 3933 726 4003 iter
746 3934 912 4005 inductus
935 3935 1108 4026 arripuit,
1133 3958 1250 4029 neque

261 4033 469 4126 disputandi
492 4058 635 4117 caussa,
661 4040 722 4106 sed
742 4037 791 4106 ita
809 4037 965 4108 vivendi.
1016 4037 1168 4132 Reliqua
1187 4038 1250 4130 qui

262 4138 372 4223 volet,
393 4160 437 4207 ex
451 4139 529 4230 ipso
545 4137 595 4209 M.
611 4136 782 4210 Cicerone
797 4152 906 4233 petat.
947 4139 996 4210 Et
1010 4140 1048 4209 in
1063 4137 1159 4211 hunc
1173 4164 1249 4208 mo·

259 4241 349 4310 dum
361 4240 589 4333 praestiterit
611 4242 830 4333 optimorum
846 4243 1062 4336 scriptorum
1082 4242 1250 4334 exemplis

260 4342 335 4425 uti,
362 4344 527 4437 equibus
543 4367 735 4434 cognoscas
748 4370 824 4415 non
843 4348 952 4416 modo
975 4345 1250 4437 argumentandi

261 4445 435 4536 figuram,
476 4449 538 4516 sed
572 4459 606 4515 et
636 4452 819 4540 quomodo
850 4449 1004 4518 illustres
1038 4461 1073 4518 et
1100 4471 1250 4519 exornes

263 4561 532 4639 argumentum,
565 4548 652 4643 quid
676 4551 772 4620 enim
797 4575 930 4645 quaeso
945 4553 1064 4644 potuit
1086 4574 1106 4619 a
1125 4549 1175 4619 M.
1192 4549 1250 4620 Ci-

263 4673 393 4720 cerone
418 4664 480 4721 aut
503 4651 734 4751 prudentius,
767 4667 828 4724 aut
856 4655 1019 4724 ornatius
1042 4678 1084 4722 eo
1110 4654 1189 4722 loco
1211 4653 1249 4721 in

262 4751 437 4824 Catonem
452 4753 548 4823 dici?

531 4923 756 5016 Corporis
789 4921 982 4996 habitus.

364 5054 398 5122 A
416 5058 577 5148 corporis
592 5055 736 5141 habitu,
763 5058 881 5151 qualia
905 5071 988 5128 sunt
1013 5060 1110 5149 apud
1124 5057 1175 5128 M.
1193 5058 1250 5127 Ci-

263 5178 428 5225 ceronem
446 5159 484 5226 in
499 5159 686 5229 Pisonem:
721 5158 841 5228 Iamne
857 5159 955 5229 vides
967 5160 1096 5229 belua?
1127 5160 1253 5251 lamae

262 5256 392 5339 sentis,
426 5283 517 5351 quae
541 5262 587 5332 sit
609 5259 798 5332 hominum
824 5263 968 5355 querela
992 5264 1119 5333 frontis
1143 5263 1250 5332 tuae?

271 5417 478 5431 ——m

296 5507 346 5576 ω)
364 5513 466 5561 annot.
482 5523 585 5576 marg:
613 5513 653 5562 ve
670 5512 816 5575 euripum
832 5513 934 5564 sterce
1003 5558 1016 5580 κ

295 5594 345 5661 υ)
362 5597 459 5648 home
467 5599 493 5661 ,1
517 5598 603 5648 retes.
622 5599 709 5654 1-8.
726 5598 828 5661 Μία,

268 5677 450 5750 Mnaseus:
473 5681 578 5746 orm.
623 5682 707 5747 Vos.
721 5682 803 5746 xx

1303 3422 1457 3504 elatum,
1482 3433 1517 3488 et
1538 3421 1722 3491 iracundia
1738 3421 1879 3512 longius
1894 3441 2007 3515 prope
2022 3423 2218 3514 digressum
2232 3444 2290 3491 ar·

1302 3523 1547 3607 bitrabantur‚
1574 3548 1681 3617 quam
1706 3524 1876 3615 sapientis
1893 3520 2052 3595 hominis
2066 3524 2217 3614 cogitata
2231 3547 2289 3594 ra·

1303 3627 1353 3695 tio
1371 3625 1592 3716 postulasset.
1643 3622 1742 3696 Nihil
1757 3624 1824 3696 feci
1839 3626 1964 3711 iratus,
1989 3624 2080 3695 nihil
2098 3625 2288 3718 impotenti

1302 3727 1444 3812 animo,
1478 3724 1568 3797 nihil
1596 3752 1670 3797 non
1700 3728 1763 3800 diu
1793 3729 2077 3813 consideratum,
2109 3752 2151 3797 ac
2173 3728 2287 3798 multo

1302 3843 1384 3900 ante
1410 3832 1619 3900 meditatum
1642 3843 1708 3902 etc.
1771 3831 1888 3924 Atque
1912 3826 1981 3901 huc
2004 3831 2044 3900 in
2063 3829 2229 3901 laudibus
2252 3840 2288 3900 et

1302 3933 1486 4025 vituperiis
1508 3933 1689 4025 pertinent
1703 3933 1874 4005 vitiorum
1889 3957 1931 4005 ar
1944 3934 2117 4005 virtutum
2135 3935 2286 4014 formae,

1301 4036 1489 4128 prudentia
1514 4060 1635 4106 rerum
1661 4039 1918 4127 gerendarum,
1943 4035 2109 4119 scientia,
2139 4033 2286 4116 iustitia,

1302 4140 1557 4230 temperantia,
1597 4139 1791 4220 fortitudo;
1843 4152 1989 4221 contra,
2030 4137 2286 4229 imprudentia,

1302 4240 1495 4323 iniustitia,
1529 4241 1824 4333 intemperantia,
1858 4241 2059 4322 temeritas,
2090 4250 2226 4318 metus,
2253 4247 2288 4304 et

1301 4342 1443 4414 similia.

1402 4444 1480 4515 Huc
1503 4444 1587 4515 item
1613 4444 1793 4536 pertinent
1813 4467 1869 4514 res
1896 4445 1953 4513 vel
1972 4444 2082 4525 bene,
2112 4441 2169 4509 vel
2192 4440 2284 4508 male

1302 4560 1440 4638 gestae,
1478 4542 1533 4617 his
1561 4549 1737 4617 sactorum
1765 4546 1912 4617 consilia
1938 4547 2041 4615 adde.
2101 4541 2288 4613 Pertinent
2412 4534 2435 4588 s

1302 4646 1371 4720 huc
1396 4662 1430 4720 et
1452 4672 1686 4741 personarum
1708 4648 1845 4732 studia,
1876 4662 1916 4719 ut
1937 4649 2095 4717 forenses
2118 4643 2200 4726 alii,
2226 4643 2289 4711 alii

1304 4752 1452 4833 milites,
1478 4751 1770 4820 aliimercatores
1783 4764 1877 4821 sunt.

1406 4851 1445 4922 ln
1471 4855 1633 4946 personis
1654 4848 1742 4923 haec
1766 4854 1876 4922 terme
1906 4850 2161 4946 requiruntur,
2194 4868 2285 4941 quae

1303 4981 1369 5027 usu
1385 4957 1529 5025 venient
1545 4954 1807 5038 declamatoris,
1833 4968 1895 5026 aut
1911 4952 2118 5024 iudicaturis
2135 4972 2287 5031 caussas,-

1303 5059 1431 5153 quibus
1453 5082 1626 5150 personae
1653 5071 1873 5140 tractantur,
1915 5070 1955 5126 ut
1978 5056 2168 5147 pleraeque
2192 5063 2287 5123 sunt.

1301 5162 1347 5231 Et
1368 5158 1475 5231 huius
1494 5162 1633 5252 generis
1656 5172 1886 5252 argumenta,
1912 5180 2118 5253 quanquam
2138 5151 2286 5246 proprie

1302 5266 1347 5334 ad
1364 5260 1540 5336 Rhetores
1554 5263 1775 5355 pertineant,
1800 5286 1950 5355 nempe,
1977 5284 2069 5355 quae
2085 5253 2286 5350 probabilia

1335 5530 1384 5598 90)
1402 5535 1501 5583 annot
1516 5545 1621 5598 marg:
1646 5531 1769 5596 assem
1787 5527 2006 5584 commodissime
2023 5524 2169 5576 stertunt
2184 5517 2285 5571 tisori-

1370 5600 1444 5653 mss
1460 5600 1561 5655 tieem
1831 5669 1881 5740 4⁸
