5125 6525
741 467 772 522 s
810 435 1250 526 xonu.uueusura
1282 434 1531 528 pussula,

788 785 792 794 .
838 705 1180 785 euentura
1213 705 1511 786 rutulus

726 842 957 907 rusurreo
993 843 1332 906 nscsuruorsu
1370 840 1610 904 succosa

253 987 1145 1109 ancusscurxsunoeo

148 1117 529 1194 usrvxra

254 1233 1147 1331 abcdelghiklmnopqrst

149 1365 379 1435 vuxyn

545 1471 752 1545 Vocalcs.

402 1687 406 1696 .
450 1616 471 1662 e
523 1616 544 1661 e
594 1592 607 1660 i
659 1617 682 1661 o
733 1618 757 1663 u
808 1618 844 1688 y.

412 1793 418 1800 .
493 1735 797 1833 Diphthougi.
895 1732 898 1739 ¹

561 1882 604 1928 se
707 1884 727 1929 e

562 1985 606 2030 oe
707 1987 728 2032 e

563 2087 610 2132 au

560 2191 606 2235 eu

562 2270 595 2337 ei
705 2267 719 2333 i

248 2381 396 2480 [Matth.
409 2383 448 2470 6,
463 2378 637 2483 9-1e.]
660 2384 772 2454 Pater
793 2396 936 2468 noster,
962 2387 1025 2480 qui
1048 2413 1085 2460 es
1107 2388 1145 2456 in

146 2487 277 2571 coelis,
308 2488 550 2558 sanctificetur
571 2508 706 2555 nomen
730 2498 855 2570 tuum,
889 2489 1060 2560 adveniat
1089 2513 1145 2559 re⁴

145 2613 258 2683 gnum
277 2600 402 2673 tuum,
426 2588 489 2658 fiat
507 2588 676 2659 voluntas
697 2600 758 2658 tue
776 2591 1084 2683 quemadmodum
1105 2592 1145 2660 in

145 2691 268 2775 coelo,
293 2690 347 2763 sic
368 2689 476 2761 etiam
498 2691 539 2760 in
559 2702 668 2760 terra.
718 2690 855 2762 Panem
871 2704 1037 2764 nostrum
1054 2717 1145 2789 quo·

143 2793 324 2864 tidianum
339 2795 384 2862 da
400 2793 506 2864 nobis
521 2790 644 2875 hodie,
670 2805 707 2863 et
718 2793 861 2864 remitte
877 2795 983 2867 nohis
996 2807 1143 2889 peccate

143 2905 291 2979 nostra,
315 2893 493 2990 siquidem
512 2908 548 2966 et
562 2917 631 2965 nos
645 2895 863 2967 remittimus
875 2897 977 2967 omni
997 2898 1144 2969 debenti

143 2997 263 3070 nohis.
325 2995 374 3068 Et
395 3022 442 3068 ue
463 3019 532 3070 nos
552 2998 702 3068 inducas
723 2997 763 3067 iu
787 2999 1046 3086 tentationem,
1079 3002 1143 3073 sed

143 3099 258 3172 lihera
276 3123 345 3173 nos
362 3123 381 3169 a
400 3099 510 3170 malo.
561 3101 692 3171 Amen.

213 3207 216 3212 ’
246 3201 323 3274 Ave
347 3202 464 3274 Maria
496 3201 612 3296 gratie
646 3203 774 3296 plena,
803 3202 984 3277 Dominus
1011 3218 1142 3279 tecum.

143 3304 337 3377 Benedicta
366 3319 407 3377 tu
438 3307 478 3376 in
507 3305 738 3391 mulieribus,
764 3317 800 3376 et
830 3309 1038 3379 benedictus
1066 3309 1142 3379 fru-

144 3423 221 3481 ctus
235 3409 371 3480 ventris
386 3409 439 3478 tui
447 3407 480 3504 ¹)
496 3406 592 3480 lesus
607 3403 783 3479 Christus.
833 3409 962 3480 Amen.

245 3513 459 3606 [systum
473 3511 741 3599 omum]
761 3509 879 3580 creso
894 3510 1061 3583 nusum
1076 3533 1141 3604 ps.
1195 3437 1203 3445 ’

141 3627 235 3686 trem
259 3615 545 3704 omnipotentem
568 3627 765 3682 creatorem
784 3614 873 3683 coeli
890 3625 925 3683 et
942 3626 1081 3698 terrae,
1106 3626 1142 3683 et

141 3716 184 3787 in
204 3714 322 3788 lesum
345 3712 528 3786 Christum
549 3715 666 3783 tilium
690 3715 766 3786 eius
786 3717 933 3786 unicum
951 3719 1139 3789 dominum

141 3833 331 3902 nostrum,
362 3818 424 3913 qui
454 3830 647 3910 conceptus
671 3830 728 3889 est
757 3820 802 3888 de
831 3820 970 3910 Spiritu
1003 3834 1141 3904 mucro,

141 3932 250 3993 natus
268 3946 310 3992 er
326 3921 442 3990 Maria
458 3920 617 4012 virgine,
639 3942 764 4012 passus
777 3923 844 3992 sub
857 3921 992 3992 Pontio
1007 3923 1140 4007 Pilato,

143 4025 351 4108 crucifixus,
388 4036 554 4094 mortuus
583 4035 618 4093 et
644 4025 815 4116 sepultus.
873 4022 1067 4097 Descendit
1093 4028 1139 4096 ad

141 4128 298 4212 inferos,
324 4127 429 4197 tertia
447 4128 504 4196 die
519 4128 713 4197 resurrexit
730 4151 750 4196 a
766 4128 931 4199 mortuis.
969 4129 1141 4202 Ascendit

142 4233 190 4303 ad
210 4231 350 4313 coelos,
376 4233 474 4302 sedet
496 4231 542 4299 ad
562 4231 744 4299 dexteram
760 4227 829 4300 Dei
844 4232 957 4324 patris
973 4234 1140 4326 omnipo·

141 4334 261 4407 tentis.
312 4333 399 4405 lude
423 4343 595 4403 venturus
620 4345 672 4403 est
693 4333 853 4404 iudicare
869 4335 972 4405 vivos
990 4349 1025 4405 et
1042 4358 1141 4406 mor-

141 4450 235 4510 tuos.
268 4436 386 4509 Credo
402 4436 440 4505 in
454 4435 629 4529 Spiritum
646 4448 822 4520 sanetum,
843 4449 1001 4508 sanctam
1018 4438 1140 4509 Eccle-

140 4540 232 4613 siam
251 4536 485 4623 catholicam,
511 4538 725 4611 Sanctorum
746 4541 1060 4627 communionem,
1083 4565 1139 4612 re·

140 4645 349 4716 missionem
374 4653 623 4733 peccatorum,
651 4642 769 4716 carnis
786 4645 1084 4716 resurrectionem
1104 4656 1141 4715 et

141 4747 255 4819 vitam
272 4740 471 4817 aeternam.
523 4746 651 4815 Amen.

322 4900 531 4971 Psalmus
556 4898 681 4971 lxvi.
709 4897 960 5001 [vace-8]

246 5014 344 5089 Deus
364 5020 580 5092 misereatur
596 5021 713 5091 nostri
731 5059 782 5074 -
794 5059 847 5077 -
861 5061 913 5079 -
930 5037 966 5092 et
979 5037 1141 5095 metuant

140 5142 227 5191 eum
243 5142 367 5192 omues
381 5125 470 5195 lines
484 5135 616 5194 terrae.

211 5235 326 5305 (linies
345 5240 455 5293 ΜΗ
470 5243 683 5306 mundatio
701 5256 722 5294 a
742 5242 886 5308 Vestorio,
911 5246 1034 5307 praeter
1049 5247 1141 5299 ente·

140 5318 206 5361 m
232 5308 297 5359 esse
319 5310 541 5373 tnecrtpttosrem
566 5308 693 5379 [oe.1.],
728 5324 761 5365 eo
787 5315 905 5363 tantast
922 5311 1040 5379 differt,
1064 5316 1143 5380 quod

140 5388 186 5429 us.
199 5374 226 5426 8.
244 5377 271 5427 t.
285 5376 306 5427 l.
324 5379 450 5444 uelem:
481 5382 512 5430 et
528 5380 686 5443 benedicet,
716 5382 748 5432 tn
770 5382 851 5447 Vstp.
870 5393 958 5433 cero:
987 5384 1140 5434 benedicet

140 5446 228 5500 Bm
243 5447 279 5498 et
296 5459 358 5499 rere
373 5449 452 5499 laec
467 5450 742 5511 terens-etatum
761 5451 787 5501 t.
801 5453 822 5505 t.
840 5450 950 5516 omtst.)

181 5653 297 5711 imaue.
313 5653 339 5707 l.
351 5651 451 5709 ΒΔ.
565 5676 569 5684 -

1446 1011 1605 1082 Decem
1634 1013 1938 1106 praecepta⁸).

1608 1131 1784 1204 Primrnn.

1298 1231 1381 1304 Non
1397 1227 1545 1306 habebis
1558 1237 1645 1306 deos
1663 1234 1812 1306 alienor.

1585 1352 1801 1425 Secundum.

1299 1452 1395 1525 Non'
1422 1477 1580 1526 assumes
1610 1479 1745 1526 nomeu
1779 1454 1930 1526 Domini
1961 1452 2031 1525 Dei
2067 1455 2119 1526 tui
2152 1452 2191 1524 in'

1194 1579 1344 1627 vanum.

1605 1657 1793 1730 Tertium.

1300 1760 1485 1831 Memento
1499 1774 1539 1831 ut
1555 1762 1651 1832 diem
1667 1760 1863 1872 Sabbatum
1879 1762 2088 1834 sanctifices.

1598 1880 1792 1975 Quanum.

1299 1981 1448 2051 Honora
1471 1996 1612 2076 patrem
1628 1997 1663 2054 et
1679 1996 1853 2070 matrem,
1878 1999 1919 2056 ut
1934 1984 1982 2059 sis
1997 1986 2192 2079 longaevus

1197 2106 1306 2176 super
1323 2098 1470 2155 terram.

1603 2186 1794 2281 Quintum.

1300 2287 1385 2359 Non
1411 2290 1563 2361 occides.

1226 2487 1237 2512 ἢ
1610 2407 1770 2481 Sextum.

1298 2505 1381 2580 Nou
1407 2505 1664 2581 moechaberis.

1225 2713 1238 2738 ·
1594 2629 1806 2722 Septimum.

1297 2727 1381 2802 Nou
1400 2730 1537 2800 furtum
1562 2732 1684 2803 iacies.

1595 2850 1787 2922 Octavum.

1197 3026 1200 3030 ,
1264 3052 1273 3069 ·
1296 2948 1381 3069 Non
1401 2952 1561 3048 loqueris
1581 2966 1704 3024 contra
1721 2957 1926 3047 proximum
1943 2968 2043 3025 tuum
2059 2953 2187 3024 falsum

1194 3063 1453 3127 testimourum.

1610 3159 1770 3231 Nouum.

1294 3255 1378 3331 Nou
1391 3261 1619 3354 concupisces
1634 3264 1785 3332 domum
1799 3261 1955 3355 proximi
1971 3260 2035 3331 tui.

1589 3376 1791 3452 Decimum.

1295 3477 1350 3549 Ne
1380 3479 1599 3554 desiderabis
1629 3505 1777 3553 uxorem
1806 3481 1901 3566 eius,
1932 3504 2008 3551 non
2031 3504 2188 3568 servum,

1191 3601 1267 3647 non
1300 3581 1486 3667 ancillam,
1522 3608 1598 3654 non
1628 3586 1780 3671 bovem,
1816 3609 1891 3657 nou
1924 3587 2086 3670 asinum,
2120 3608 2188 3656 nec

1193 3683 1337 3767 omnia,
1363 3710 1455 3778 quae
1475 3686 1571 3759 illios
1590 3702 1686 3759 sunt.

1189 3851 1239 3922 lu
1265 3850 1544 3947 Decalogum
1571 3850 1817 3951 Philippus
1843 3855 2185 3931 Melanchthon.

1240 3989 1375 4060 Divino
1391 4007 1580 4085 praecepta
1596 4019 1686 4087 puer
1701 3996 1731 4066 si
1746 3997 1889 4088 prodita
1907 3997 1954 4066 ab
1969 4020 2033 4067 ore

1293 4091 1341 4163 Et
1353 4095 1461 4167 iacies
1475 4109 1572 4166 casto
1588 4111 1733 4189 pectora
1748 4100 1843 4170 iussa
1860 4097 1943 4184 Dei,

1241 4195 1320 4290 lpse
1336 4210 1439 4289 pater
1452 4198 1547 4269 vitae
1562 4223 1705 4271 cursum
1719 4202 1969 4271 moderabitur
1983 4223 2128 4271 omnem

1293 4298 1368 4371 Nec
1382 4301 1528 4371 fortuna
1545 4300 1611 4373 tihi
1626 4326 1730 4373 saeva
1748 4326 1880 4375 nocere
1897 4314 2028 4396 potest.

1221 4420 1285 4540 lix
1307 4467 1558 4565 Evangelio
1583 4469 1806 4544 Matthaei
1833 4469 2154 4570 cap.v-'V1L')

1294 4590 1382 4684 Cap.
1395 4589 1440 4663 V.
1475 4593 1565 4664 Cum
1589 4594 1736 4667 vidisset
1758 4608 1878 4665 autem
1897 4596 2040 4679 turbas,
2066 4616 2188 4667 ascen-

1191 4693 1245 4764 dit
1267 4694 1306 4764 iu
1329 4706 1510 4780 montem,
1543 4710 1677 4768 etcum
1702 4698 1938 4783 consedisset,
1964 4708 2187 4769 accesserunt

1191 4799 1237 4866 ad
1253 4797 1354 4869 illum
1372 4798 1537 4892 discipuli
1553 4800 1649 4886 eius,
1671 4815 1707 4873 et
1720 4813 1912 4896 postquam
1932 4801 2131 4895 aperuisset
2148 4822 2189 4871 oe

1191 4926 1318 4985 suum,
1343 4903 1496 4974 docebat
1509 4903 1609 4988 illos,
1635 4904 1776 4977 dicens:
1806 4904 1912 4975 Beati
1926 4928 2102 4998 pauperes
2116 4901 2189 4995 spi·

1191 5003 1286 5088 ritu,
1326 5007 1498 5099 quoniam
1542 5007 1686 5078 illorum
1720 5021 1774 5079 est
1805 5032 1956 5100 regnum
1991 5000 2188 5079 coelorum.

1191 5105 1295 5177 Beati
1326 5110 1389 5202 qui
1418 5111 1561 5201 lugent,
1600 5112 1772 5205 quoniam
1803 5111 1872 5205 ipsi
1902 5110 2186 5182 consolationem

1164 5260 1168 5369 Ι
1192 5210 1380 5302 accipient.
1431 5211 1536 5283 Beati
1558 5215 1682 5297 mites,
1709 5214 1880 5309 quoniam
1902 5215 1971 5308 ipsi
1987 5204 2189 5284 haeredila-

1164 5452 1168 5461 ·
1224 5431 1257 5489 ξ)
1276 5430 1361 5481 exse.
1375 5429 1421 5495 ²⁰,
1433 5429 1451 5479 Ι
1463 5444 1523 5493 sqq.

1225 5516 1258 5575 Ι)
1277 5518 1353 5565 tlree
1375 5515 1469 5577 eeptts
1493 5519 1521 5567 et
1539 5529 1615 5578 seqq.
1635 5529 1651 5565 e
1668 5516 1746 5566 Novo
1764 5517 1839 5567 rest.
1858 5514 1977 5567 collecte
1993 5516 2028 5563 rh
2046 5512 2107 5576 ipso
2124 5502 2187 5564 fle'-

1163 5576 1169 5681 i
1260 5587 1393 5636 assuens
1415 5585 1444 5634 u
1468 5586 1589 5649 unguen
1612 5585 1727 5635 netem
1744 5587 1883 5635 emersa
1900 5595 1919 5634 s
1935 5580 2060 5647 vum
2076 5583 2186 5632 eune

1262 5656 1337 5716 mi.
