5125 6525
523 432 671 510 651
1776 425 2025 521 rm.
2076 426 2306 501 m.
2358 426 2766 544 senum
2820 421 3361 499 ms‘roch.
4441 417 4619 499 ⁶⁵2

735 599 1074 676 CXXVII.
1143 600 1425 672 Accidit
1468 601 1724 683 semel,
1791 613 1874 671 ut
1922 613 2169 693 pastor
2215 599 2510 695 quidam
2618 597 3074 696 spungetidyen
3105 595 3305 690 etft'ilt
3350 598 3475 670 mit
3520 595 3732 688 odn'en
3761 600 3912 670 ‘vab
3958 596 4057 670 bie
4106 594 4352 688 teidmt
4402 592 4623 689 febidt

526 710 604 779 in
636 733 820 800 pago
855 707 1274 777 concionem
1316 700 1582 773 habere
1627 703 1877 788 vellet,
1927 715 1998 772 et
2043 729 2202 774 cum
2256 727 2512 795 parum
2622 723 2690 775 et
2716 708 2786 776 in
2820 703 2917 775 bie
2950 702 3181 794 vssgetj
3234 701 3515 775 batt'imb
3548 704 3697 773 miii?
3737 720 3966 773 armen
4018 700 4154 773 lesit
4194 702 4439 791 mfifien
4488 701 4613 772 im,

531 823 713 885 esset
772 810 1195 893 instructus,
1267 831 1350 876 ac
1391 806 1668 875 videret
1711 806 1890 876 alios
1936 808 2186 878 doctos
2248 808 2517 889 adesse,
2619 825 2758 879 met
2800 806 2959 897 {bue
3010 803 3213 896 fleifd)
3255 800 3415 891 effen
3472 797 3602 877 mtb
3664 804 3761 875 bie
3813 800 4099 897 &eichen
4156 804 4397 896 mt'ifien
4453 805 4620 896 efiett

531 913 730 1010 quod
777 912 954 982 alias
1010 911 1164 980 fieri
1227 934 1380 980 non
1441 909 1755 992 solebat,
1833 909 2075 980 statim
2120 907 2515 1000 Evangelio
2621 917 2773 1002 gnte
2808 908 3075 1001 bt'ifilein
3112 910 3244 981 tmb
3277 910 3430 1000 gtite
3463 906 3787 999 bageleia.

528 1017 713 1088 lecto
747 1014 1056 1105 suscepit
1099 1026 1169 1083 et
1209 1015 1303 1082 ad
1349 1012 1730 1105 auditores·
1760 1011 1972 1081 dixit:
2039 1014 2111 1089 D
2155 1013 2262 1103 ibt
2309 1011 2520 1086 liebett
2830 1023 3135 1096 CXXXI,
3198 1024 3353 1118 Ego
3386 1019 3767 1117 Philippus
3797 1036 3962 1093 ante
4001 1022 4324 1093 triduum
4371 1022 4617 1116 accepi

537 1121 713 1209 mitt
765 1118 924 1213 mid)
977 1117 1238 1204 bfindt,
1291 1113 1380 1210 id)
1430 1115 1576 1210 nid)
1616 1112 1822 1205 leuet·
1927 1114 2085 1185 HOC
2132 1116 2294 1184 ideo
2342 1114 2521 1185 dixit
2626 1126 3044 1220 epistolam,
3127 1128 3202 1197 in
3256 1153 3393 1224 qua
3435 1128 3718 1220 scripsit
3765 1122 3944 1195 mihi
3991 1127 4104 1194 vir
4157 1125 4624 1217 dignissimus

534 1235 610 1294 Gt
636 1222 982 1305 faciebat,
1034 1233 1152 1304 υἱ,
1204 1218 1263 1289 ⁸5
1298 1219 1560 1310 Singuli
1590 1220 1888 1290 domum
1924 1230 2319 1301 currerent,
2371 1218 2522 1309 ipse
2625 1232 2764 1300 fide
2811 1257 2895 1301 ex
2935 1229 3242 1301 Livonia
3275 1231 3721 1314 Hermanus,
3776 1254 3987 1323 quem
4038 1228 4186 1300 scio
4236 1252 4383 1298 non
4431 1229 4615 1299 falsa

533 1322 835 1398 haberet
871 1324 1314 1393 occasionem
1362 1322 1810 1404 discedendi,
1861 1346 1951 1390 ne
1987 1320 2405 1390 concionari
2446 1320 2525 1388 in

533 1426 939 1523 praesentia
977 1436 1374 1516 cogeretur.

743 1558 1116 1633 CXXVIII.
1197 1560 1491 1648 Accidit
1536 1559 1749 1641 olim,
1825 1570 1907 1628 ut
1951 1560 2097 1628 duo
2142 1560 2336 1629 fures
2378 1558 2522 1627 iam
2572 1574 2573 1580 ’

537 1668 630 1735 ad
695 1663 1129 1757 supplicium
1176 1665 1646 1744 ducerentur,
1716 1684 2026 1755 quorum
2073 1686 2296 1744 unus,
2363 1685 2524 1731 cum

538 1768 817 1837 videret
855 1789 933 1836 se
979 1770 1070 1836 ad
1115 1765 1542 1857 supplicium
1593 1765 2016 1833 damnatum
2053 1788 2244 1848 esse,
2290 1763 2530 1858 inquit

539 1870 941 1941 clanculum
975 1870 1069 1938 ad
1095 1868 1399 1939 iudicem
1419 1922 1441 1950 ,
1490 1867 1625 1938 sibi
1665 1866 1742 1935 in
1773 1866 2052 1936 manica
2089 1891 2238 1939 esse
2269 1867 2373 1938 60
2404 1891 2528 1937 au-

539 1997 741 2058 reos,
796 1996 980 2066 quos
1023 1971 1462 2064 pauperibus
1507 1969 1839 2040 distribui
1877 1971 2195 2062 cupiat(
2208 1991 2530 2063 praeser-

540 2076 674 2148 tim
706 2100 869 2145 cum
903 2075 1039 2146 sibi
1070 2087 1252 2145 esset
1285 2072 1768 2144 moriendum.
1859 2069 2078 2143 Iudex
2111 2073 2358 2143 audito
2389 2069 2531 2142 hoc

541 2179 783 2253 statim
818 2178 1057 2271 inquit
1090 2179 1181 2246 ad
1215 2189 1686 2268 spectatores:
1742 2176 1851 2266 &ty
1884 2175 2054 2266 bisin
2088 2175 2290 2266 biefess
2329 2181 2531 2250 manss

541 2280 700 2375 fon,
754 2281 822 2372 Ῐο
855 2280 1033 2375 fsstet
1060 2282 1131 2354 in
1162 2281 1361 2356 mibet
1387 2281 1649 2373 biacia,
1701 2283 1821 2353 ben
1866 2300 1935 2353 et
1969 2277 2051 2369 ist
2078 2282 2211 2355 mit
2238 2278 2398 2353 ωοίῐ
2429 2279 2533 2352 be·

541 2388 728 2464 lant.
828 2386 1198 2455 Reductus
1227 2397 1334 2454 est
1363 2383 1591 2475 igitur
1634 2382 1713 2450 in
1762 2406 2118 2453 carcerem
2167 2394 2240 2454 et
2281 2394 2529 2474 postea

544 2489 881 2560 dimissus
911 2489 1079 2556 data
1112 2486 1335 2557 iudici
1377 2485 1708 2577 pecunia.

751 2620 1056 2693 cxxix.
1116 2619 1336 2691 Aliud
1363 2621 1742 2691 ridiculum
1779 2620 2040 2692 accidit
2054 2620 2366 2714 Torgae,
2406 2620 2535 2691 ubi

543 2751 705 2799 cum
753 2726 872 2796 fur
918 2724 1210 2821 quidam
1259 2725 1640 2795 duceretur
1685 2725 1775 2793 ad
1821 2724 2292 2818 supplicium,
2352 2722 2537 2794 dixit

546 2828 866 2900 carnifici
894 2851 968 2897 se
1001 2824 1266 2897 habere
1301 2849 1638 2918 magnam
1685 2826 1833 2895 vim
1868 2826 2219 2919 pecuniae
2245 2828 2324 2896 in
2356 2828 2535 2897 cali-

549 2932 655 3025 gis
688 2930 1133 3001 reconditam
1156 2983 1176 3013 ‚
1232 2928 1485 3000 iubens
1516 2952 1677 2998 eum
1712 2952 1970 3028 manus
1997 2929 2289 3015 inferre,
2342 2952 2535 2999 eam·
2592 2990 2593 2994 ,

546 3059 688 3130 que
732 3033 868 3104 sibi
913 3032 1236 3116 auferre,
1289 3030 1874 3128 quandoquidem
1920 3033 2075 3125 ipse
2119 3032 2263 3101 iam
2311 3029 2536 3101 mori-

544 3149 752 3208 turus
798 3147 1001 3206 esset.
1122 3134 1462 3207 Carnifex
1515 3135 1754 3205 statim
1802 3159 2062 3228 magna
2108 3134 2381 3205 laetitia
2435 3136 2537 3204 af-

543 3242 772 3312 fectus
833 3237 1176 3310 iudicavit
1239 3235 1424 3309 hanc
1486 3238 1625 3310 sibi
1684 3238 2118 3331 peculiarem
2163 3240 2534 3310 fortunam

481 3342 489 3350 ’
548 3367 736 3429 esse,
789 3341 1115 3413 immittit
1148 3343 1671 3438 aliquantulum
1706 3367 2045 3428 manum,
2096 3337 2219 3416 sed
2259 3344 2532 3414 nullam

547 3445 926 3541 pecuniam
966 3442 1515 3539 apprehendens
1559 3444 1734 3516 dicit
1785 3448 1873 3527 ad
1921 3448 2193 3517 furem:
2262 3449 2387 3524 Qu
2430 3447 2538 3521 bes

548 3548 791 3644 ttet'igst
822 3548 1006 3642 mid).
1107 3547 1259 3618 Fur
1289 3550 1695 3642 respondit:
1766 3550 1891 3625 Qu
1937 3549 2107 3641 must
2154 3547 2350 3641 διῆρε
2389 3550 2538 3645 βίης

552 3654 656 3726 ein
687 3649 995 3744 greiffeu,
1047 3652 1243 3745 quod
1289 3676 1451 3721 cum
1497 3653 1668 3723 facit
1706 3653 2055 3738 carnifex,
2106 3666 2334 3724 totam
2386 3678 2538 3723 ma-

549 3777 730 3824 num
761 3777 920 3822 mm
955 3765 1268 3824 “emme
1298 3754 1650 3837 maculat’
1703 3754 1873 3846 quia
1907 3755 2027 3825 me
2062 3769 2433 3826 enaverat
2459 3757 2537 3825 in
2585 3738 2593 3926 Ξ
2641 3843 2802 3888 cum
2848 3836 3281 3914 aegrotasset
3373 3827 3569 3919 quod
3612 3827 3802 3895 mori
3848 3827 4062 3897 vellet
4165 3823 4474 3894 venisset
4512 3815 4627 3885 vit

3300 3878 3320 3909 2
4077 3879 4100 3910 2

554 3854 684 3929 cal·
736 3880 839 3927 as.

665 3880 1031 4063 ¹⁸8CXXX.
1101 3989 1281 4062 Cum
1315 3991 1910 4086 quidam·parum
1958 3995 2208 4067 doctus
2257 3993 2540 4085 legisset

306 4165 320 4174 ,
424 4087 429 4093 ’
551 4095 629 4163 in
684 4093 1151 4187 grammatica
1202 4091 1394 4167 hunc
1435 4118 1717 4167 versum
1777 4095 1852 4165 in
1899 4099 2178 4168 cantico
2224 4097 2538 4168 Mariae:

549 4195 909 4290 Dispersit
955 4200 1301 4290 superbos
1348 4211 1588 4269 mente
1638 4200 2028 4296 cordisw),
2097 4215 2168 4271 et
2221 4202 2540 4272 vocabu-

549 4301 698 4373 lum
763 4304 1086 4394 superbos
1121 4304 1430 4375 divisum
1492 4318 1673 4376 esset
1722 4303 1863 4388 ita,
1944 4317 2026 4375 ut
2080 4305 2285 4398 prior
2348 4305 2536 4374 linea

552 4406 955 4477 contineret
999 4405 1265 4498 prioris
1314 4407 1646 4480 dictionis
1692 4419 1972 4498 partem
2015 4433 2257 4499 super,
2317 4421 2388 4477 et
2432 4432 2539 4479 se-

553 4533 780 4603 quens
824 4510 1169 4601 inciperet
1219 4512 1308 4581 ab
1354 4510 1607 4581 ultima
1648 4511 1919 4603 syllaba
1965 4513 2116 4597 bos,
2168 4535 2299 4581 nec
2334 4524 2542 4581 erant

552 4612 795 4680 addita
828 4625 1091 4703 puncta
1124 4609 1652 4685 cohaerentiam
1687 4613 2155 4705 significantia
2179 4669 2200 4699 ,
2249 4613 2369 4684 ille
2411 4615 2541 4684 bo-

550 4736 689 4783 nus
733 4707 955 4781 homo
1005 4714 1185 4785 dixit
1230 4740 1379 4786 non
1431 4742 1578 4789 esse
1629 4740 2018 4809 congruam
2072 4719 2540 4790 constructio-

553 4839 762 4898 nem,
828 4839 996 4885 nam
1043 4822 1649 4911 praepositionem
1693 4845 1899 4911 super
1938 4845 2188 4914 regere
2232 4823 2540 4892 Accusa-

506 5006 511 5011 .
552 4919 825 5001 tivum,
878 4932 950 4988 et
989 4933 1073 4990 ut
1119 4921 1213 4990 sit
1251 4925 1718 5014 grammatica
1749 4926 2227 5009 constructio,
2281 4925 2540 4994 debere

557 5047 703 5093 esse
736 5045 937 5112 super
969 5026 1227 5110 bovem,
1281 5038 1353 5096 et
1381 5051 1529 5097 non
1569 5051 1771 5118 super
1816 5030 1956 5100 bos.
2060 5025 2295 5099 Iussus
2340 5029 2541 5112 item,

553 5137 635 5195 ut
680 5139 1066 5218 exponeret
1109 5128 1308 5199 illum
1358 5156 1681 5204 versum:
1756 5131 2170 5204 Esurientes
2215 5131 2543 5222 implevit

552 5227 868 5326 hovisfl)
903 5243 970 5299 et
1004 5230 1257 5302 divites
1300 5233 1571 5306 dimisit
1609 5236 1682 5305 in
1737 5233 2057 5330 avesoe),
2126 5236 2226 5313 ἅτ
2271 5233 2394 5327 bat
2440 5235 2540 5308 bie

556 5387 793 5400 —u——e—
812 5392 968 5401 -—-————‘

618 5485 718 5543 59)
750 5484 888 5536 lanc.
919 5487 968 5549 ¹,
999 5486 1088 5538 5¹.

694 5657 860 5710 bonis
898 5698 911 5711 .
952 5699 966 5712 .
1008 5699 1022 5714 .
1060 5661 1297 5725 inanes,
1334 5662 1393 5710 ut
1435 5659 1701 5723 scriptum
1747 5661 1837 5710 est
1881 5659 2014 5712 lanc.
2045 5661 2095 5728 ¹,
2135 5660 2225 5714 5³.

2628 1332 2976 1418 scribere,
3026 1358 3273 1404 recens
3316 1358 3465 1405 esse
3499 1346 3864 1424 sumptum
3898 1331 4325 1424 supplicium
4357 1356 4397 1399 a
4432 1356 4622 1425 quo-

2631 1437 2825 1521 dam,
2859 1438 2981 1531 qui
3005 1450 3252 1529 captus
3284 1450 3438 1506 erat
3459 1450 3527 1506 et
3544 1430 4055 1528 deprehensus,
4086 1429 4213 1530 qui
4242 1434 4624 1505 manifeste

2629 1539 3066 1630 praebuerat
3096 1564 3381 1611 causam
3413 1540 3668 1612 mortis
3699 1538 3931 1622 alteri,
3962 1536 4133 1633 quia
4166 1549 4416 1629 postea
4444 1560 4617 1608 con-

2629 1642 2855 1712 fessus
2888 1668 2961 1713 se
2992 1640 3758 1740 incantationibusfflff
3792 1641 4128 1711 morbum
4163 1638 4498 1725 movisse,
4549 1651 4626 1710 et

2636 1743 2920 1830 deinde,
2953 1770 3113 1816 cum
3133 1746 3347 1816 vellet
3366 1743 3975 1816 incantationibus
3994 1744 4233 1814 levare
4250 1742 4624 1827 morbum,

2631 1870 2783 1916 non
2811 1847 3151 1940 potuisse.
3252 1846 3365 1919 Ibi
3398 1861 3467 1919 et
3496 1844 3635 1932 hoc
3671 1848 4032 1919 confessus
4059 1858 4164 1917 est
4191 1845 4271 1915 in
4309 1867 4625 1930 carcere,

2633 1974 2705 2021 se
2740 1950 3130 2044 quotannis
3170 1952 3435 2022 factum
3487 1976 3634 2023 esse
3678 1952 3930 2042 lupum
3977 1974 4108 2042 per
4147 1948 4301 2020 dies
4350 1947 4629 2040 duode-
4699 1951 4715 1965 ‘

2634 2052 2815 2137 cim,
2868 2066 3035 2145 post
3082 2054 3393 2124 natalem
3446 2054 3634 2124 diem
3681 2052 3985 2123 Domini
4026 2051 4285 2123 vidisse
4332 2075 4409 2124 se
4450 2074 4630 2144 par-

2635 2178 2800 2225 vam
2856 2155 3162 2248 speciem
3207 2157 3456 2249 pueri,
3509 2157 3634 2252 qui
3672 2158 3986 2241 diceret,
4036 2168 4120 2226 ut
4165 2165 4629 2225 convertere-

2635 2257 2865 2329 turin
2902 2259 3196 2351 lupum,
3259 2271 3535 2352 postea·
3559 2285 3719 2332 cum
3767 2284 3918 2329 non
3967 2260 4271 2342 faceret,
4344 2255 4623 2328 venisse

2633 2361 2943 2454 speciem
2973 2362 3366 2433 terribilem
3398 2388 3558 2433 cum
3585 2363 3867 2456 flagello
3888 2416 3909 2447 ,
3960 2373 4031 2432 et
4061 2362 4161 2431 ita
4194 2384 4630 2432 conversum

2636 2488 2786 2535 esse
2845 2462 2923 2533 in
2972 2464 3223 2557 lupum
3247 2518 3269 2550 ,
3352 2478 3600 2559 postea
3642 2465 4084 2537 concurrisse
4130 2464 4397 2537 multos
4440 2461 4624 2564 alios

2635 2566 2884 2660 lupos,
2949 2579 3021 2637 et
3067 2567 3458 2640 cucurrisse
3504 2594 3636 2662 per
3676 2571 3948 2665 sylvas,
4018 2568 4369 2639 lacerasse
4412 2589 4629 2658 pecu-

2637 2671 2785 2755 des,
2834 2665 3253 2743 hominibus
3282 2683 3528 2743 tamen
3559 2698 3710 2744 non
3739 2670 4055 2766 potuisse
4086 2693 4375 2756 nocere,
4418 2692 4628 2761 prae·

2639 2784 2853 2844 eunte
2890 2772 3017 2843 illo
3064 2777 3468 2867 spectaculo
3511 2800 3671 2846 cum
3717 2774 4001 2868 flagello
4048 2773 4332 2866 pavisse
4377 2794 4502 2843 eos
4546 2771 4632 2840 in

2635 2874 2971 2961 flumine,
3023 2890 3092 2946 et
3121 2877 3243 2948 illa
3276 2879 3461 2949 facta
3498 2903 3649 2950 esse
3683 2876 4071 2973 quotannis
4098 2901 4230 2970 per
4267 2876 4627 2970 dies-duo-

2639 2979 2907 3062 decim,
2990 2992 3239 3071 postea
3293 2982 3640 3076 recepisse
3685 2981 3993 3075 speciem
4048 2976 4387 3050 hominis.
4516 2973 4626 3047 Ita

2592 3101 2593 3116 ¹
2636 3079 2965 3151 narravit
3010 3082 3129 3152 ille
3178 3084 3255 3154 in
3304 3108 3609 3157 carcere.
3713 3083 3819 3156 Ibi
3864 3084 4157 3169 videtis,
4219 3081 4418 3176 quod
4444 3077 4630 3164 Dia·-

2636 3185 2845 3255 bolus
2878 3178 3139 3255 habeat
3170 3199 3595 3280 potestatem
3639 3189 3848 3285 quasi
3878 3191 4460 3279 circumspectam
4498 3205 4632 3253 au·
4667 3178 4680 3188 “

2637 3288 2932 3358 toritate
2963 3289 3249 3375 divina,
3301 3291 3401 3361 ita
3449 3305 3532 3363 ut
3571 3317 3723 3362 non
3767 3294 3993 3385 possit
4020 3313 4279 3360 nocere
4310 3298 4629 3370 tantum,

2639 3404 2988 3488 quantum
3025 3393 3238 3464 vellet
3257 3448 3297 3479 ,.
3329 3406 3519 3465 certe
3548 3409 3843 3466 noceret
3871 3392 4284 3466 hominibus
4303 3444 4324 3474 ,
4373 3391 4436 3463 si
4464 3412 4630 3483 pos-

2639 3506 2771 3580 set,
2820 3497 2945 3566 sed
2963 3494 3346 3585 Deusssnon
3379 3499 3703 3570 concedit
3736 3500 3838 3580 ei;
3899 3500 3961 3570 si
3995 3497 4422 3567 concederet
4450 3493 4626 3586 ipse,

2640 3610 2874 3669 totum
2910 3623 3134 3692 genus
3166 3596 3566 3672 humanum
3604 3605 3938 3695 perderet
3967 3601 4048 3671 in
4075 3625 4222 3671 una
4251 3592 4457 3668 hora.

2846 3716 3184 3792 CXXXII.
3251 3719 3399 3790 Iam
3446 3722 3709 3802 dicitur
3753 3725 3842 3793 de
3889 3746 4052 3815 rege
4084 3720 4427 3812 Anglico,
4492 3711 4623 3809 qui

2642 3922 2979 4017 quidam,
3031 3926 3158 4021 qui
3210 3926 3533 3999 dixisset:
3586 3928 3899 3998 Domine
3946 3953 4113 4013 rex,
4183 3951 4312 3998 vos
4356 3919 4629 3995 vixistis

2639 4021 2985 4100 hacteuus
3012 4028 3088 4097 in
3124 4024 3263 4099 hoc
3300 4055 3562 4123 reguo,
3613 4035 3736 4104 sed
3767 4057 3935 4102 mox
3965 4028 4265 4103 venietis
4306 4028 4386 4094 in
4427 4023 4631 4094 aliud

2641 4153 2986 4221 regnum,
3054 4135 3252 4226 quod
3298 4146 3404 4203 est
3443 4147 3841 4207 aeternum.
3961 4135 4124 4210 ἴθαὸ
4173 4131 4250 4225 ist
4293 4123 4624 4225 gewisslicb

2640 4232 2923 4327 gemefett
2952 4235 3253 4308 Sanctus
3281 4235 3594 4329 Angelus
3615 4292 3636 4323 ‚
3686 4244 3797 4314 bet
3824 4241 3896 4314 in
3930 4236 4068 4328 also
4099 4236 4222 4330 bat
4250 4229 4573 4330 gettfistet.

2846 4353 3213 4427 CXXXIII.
3299 4357 3577 4428 Doctor
3642 4358 4064 4452 Henningus
4133 4356 4422 4447 sapiens
4486 4353 4631 4441 vir,

2642 4477 2803 4526 cum
2851 4458 3241 4553 aliquando
3288 4461 3815 4554 disputaremus
3867 4466 3956 4533 de
4002 4459 4421 4549 definitione
4473 4458 4632 4526 ani-

2642 4584 2803 4656 mae
2848 4561 3346 4648 Aristotelica,
3430 4579 3501 4634 et
3553 4590 3683 4658 ego
3731 4566 4103 4636 recitarem
4153 4561 4220 4633 ei
4270 4559 4632 4632 definitio·

2642 4687 2848 4733 nem:
2896 4665 3159 4736 Anima
3193 4681 3299 4737 est
3325 4668 3510 4738 actio
3542 4671 3773 4761 prima
3813 4669 4137 4761 corporis
4185 4661 4463 4760 physici
4509 4687 4631 4732 or-

2644 4765 2877 4857 ganici
2921 4770 3238 4859 potentia
3285 4771 3506 4840 vitam
3556 4768 3923 4856 habentis,
3992 4771 4172 4841 dixit
4217 4769 4373 4838 ille:
4441 4767 4625 4860 fflafi

2643 4867 2720 4961 ist
2767 4873 2928 4961 bas,
2992 4868 3193 4967 maid)
3236 4875 3365 4948 mit
3412 4878 3532 4950 ben
3578 4877 3751 4969 §Dela
3797 4880 3931 4951 »nb
3973 4873 4150 4970 mad>
4195 4873 4325 4948 mit
4367 4867 4465 4944 nie
4518 4870 4631 4943 uit

2643 4976 2801 5068 ηαβ.
2916 4971 3060 5059 νΙΙΙει
3108 4990 3274 5046 sunt
3320 4980 3534 5048 verba
3583 4977 3767 5050 nihil
3810 4979 4181 5063 sonantia,
4247 4987 4318 5046 et
4368 4998 4631 5043 verum

2645 5088 2788 5160 est,
2839 5075 3255 5150 Aristoteles
3297 5085 3723 5155 astutissime
3768 5083 3978 5154 elusit
4009 5081 4421 5175 aliquorum
4467 5072 4635 5170 phi-

2641 5176 3113 5272 losophorum
3176 5184 3554 5277 opiniones
3613 5183 3748 5257 hac
3810 5186 4224 5256 definitione
4284 5207 4321 5250 a
4379 5204 4453 5251 se
4508 5204 4631 5249 ex-

2643 5283 2948 5374 cogitata
2971 5337 2991 5367 ,
3046 5288 3132 5356 de
3165 5312 3305 5388 qua
3338 5302 3578 5360 tamen
3610 5291 3753 5358 iam
3787 5288 3957 5360 nolo
3989 5281 4489 5382 disputarem).

2795 5515 2817 5542 Ι
3136 5505 3148 5519 ⁰
3568 5527 3585 5543 ·

623 5587 716 5652 ω)
750 5590 910 5640 bovis
944 5628 959 5642 ·
983 5626 1034 5640 -·
1074 5589 1130 5639 ¹¹1
1168 5593 1335 5651 ave-J
1371 5590 1453 5640 sic
1489 5602 1780 5653 perpet-m
1813 5589 1953 5654 legit
1985 5589 2097 5642 iste
2122 5592 2376 5643 indoctus
2397 5604 2533 5656 pro:
2583 5449 2595 5629 ἔ
2707 5506 2782 5556 ω
2821 5508 2848 5565 ³
2886 5506 3382 5571 mmmmmbm]
3418 5510 3585 5563 ⁰⁰⁶⁶·
3635 5508 4029 5563 ¹¹⁸⁰⁸¹¹t⁸u⁰¹¹¹⁸

2707 5590 3323 5725 ὅίῗὶρξξοὲὲιῗανςίηο
3357 5596 3639 5659 adscripta
3666 5600 3755 5648 est
3780 5600 3942 5649 nota:
3979 5597 4169 5647 Verba
4206 5610 4292 5662 .‹p.
4332 5593 4397 5659 (i.
4419 5604 4467 5644 e.
4496 5592 4636 5644 Pht-
