5125 6525
376 451 453 529 aaa
529 411 551 540 s
994 445 1119 522 ertu.
1148 444 1260 522 nnn.
1290 442 1493 517 senuna
1525 439 1798 517 fflsvomoa.
1872 447 1877 458 ’
1999 431 2020 484 ''-
2335 435 2418 514 aas

375 622 511 719 piendi.
574 619 697 716 Quare
723 644 799 692 non
829 619 995 691 dubitare
1018 644 1055 691 se
1080 618 1242 702 aiebant,
1277 618 1367 714 quin
1418 630 1454 689 et
1473 619 1593 689 futura
1616 616 1765 688 exitiosa
1785 613 1932 708 utrique
1949 608 2103 683 nationi.
2154 608 2229 682 Nec
2245 609 2418 704 impliciti

374 724 531 799 Helvetii
552 719 660 796 buius
682 723 832 794 militiae
853 726 961 796 decus
980 724 1134 793 maxime
1150 734 1367 814 expeterent.
1418 721 1514 792 Galli
1530 719 1755 802 Germanicis
1778 717 1900 799 bellis,
1926 712 2065 812 ltaliam
2085 714 2267 785 defensuri
2283 726 2418 800 meent,

378 828 469 904 Cum
495 840 614 897 autem
640 828 767 897 electio
789 827 851 897 illa·
874 822 931 897 his
950 825 1059 896 tantis
1078 825 1185 896 rebus
1203 824 1369 916 gerendis
1419 837 1483 894 ant
1496 824 1585 894 alias
1597 847 1654 893 res
1667 822 1772 893 utiles
1785 819 1927 889 nomini
1943 814 2149 890 Christiano
2164 817 2312 890 moturi.
2354 816 2416 889 Ad

379 929 685 1026 opportunitatem
711 930 863 1001 allatura
887 942 997 1013 esset,
1036 930 1166 997 debere
1181 927 1213 1022 ¹)
1239 927 1368 998 Helve-
1420 923 1485 998 bas
1501 926 1623 998 literas
1638 926 1826 995 Romanus
1841 922 2002 1018 pontifex
2021 921 2261 1013 respondens,
2286 933 2418 992 narrat

378 1033 448 1105 tior
469 1057 614 1129 quoque
636 1033 710 1104 suis
731 1031 877 1115 studiis,
903 1055 943 1102 ac
965 1030 1223 1123 significatione
1237 1032 1370 1101 volun·
1421 1030 1459 1097 in
1486 1030 1709 1113 foederibus,
1746 1050 1837 1124 quae
1859 1026 2026 1094 Romana
2056 1025 2156 1095 sedes
2177 1019 2312 1093 babeat
2330 1047 2414 1096 curn

298 1131 303 1136 ¹
378 1138 557 1212 tatiscam
573 1135 756 1222 adiuvare.
791 1135 980 1205 Postremo
995 1134 1276 1226 pollicebantur,
1300 1132 1370 1202 Re·
1421 1132 1577 1225 Regibus
1592 1129 1851 1223 Neapolitanis,
1874 1140 2018 1199 cautum
2037 1151 2124 1209 esse,
2149 1127 2290 1222 nequis
2305 1127 2417 1198 simul

378 1263 479 1334 gem,
506 1239 537 1309 si
560 1239 766 1331 eligeretur,
798 1236 913 1328 gentis
938 1236 1142 1307 Helveticae
1167 1235 1369 1308 libertatem
1421 1235 1627 1304 Romanum
1660 1230 1855 1326 Imperium
1889 1242 2020 1301 teneat.
2082 1229 2172 1300 Cum
2198 1241 2317 1299 autem
2343 1228 2416 1324 sibi

378 1343 478 1414 nulla
502 1342 541 1410 in
564 1365 605 1412 re
626 1340 886 1411 labefacturum
905 1365 998 1424 esse,
1024 1343 1086 1411 sed
1104 1338 1225 1431 potius
1241 1340 1371 1409 confir·
1421 1337 1610 1408 Romanae
1630 1338 1723 1409 sedis
1743 1333 1928 1428 privilegia
1947 1332 2113 1425 religiose
2133 1344 2169 1401 et
2184 1356 2323 1402 summa
2342 1353 2415 1425 ope

379 1458 583 1527 maturum,
616 1456 653 1513 et
669 1444 782 1515 multa
799 1442 1005 1515 additurum
1023 1467 1096 1513 esse
1111 1444 1302 1512 commoda
1319 1453 1372 1512 at·
1423 1442 1554 1511 tuenda
1572 1441 1663 1522 sint,
1689 1463 1728 1510 ea
1747 1441 1848 1508 dere
1865 1436 2035 1507 certiores
2052 1437 2165 1534 factos
2181 1458 2257 1506 csse
2273 1433 2417 1506 Electo-

379 1571 448 1642 que
472 1559 707 1630 ornamenta,
738 1546 770 1617 si
789 1545 1057 1616 Helveticorum
1076 1546 1189 1615 virtus
1216 1558 1252 1615 et
1269 1544 1372 1615 forti·
1422 1566 1496 1625 res,
1531 1568 1576 1613 ne
1600 1543 1689 1637 quid
1709 1543 1809 1612 beret
1832 1552 1956 1611 contra
1981 1541 2183 1609 libertatem
2201 1549 2237 1607 et
2253 1561 2417 1608 commo·

379 1651 467 1721 tudo
484 1673 560 1720 non
581 1661 672 1721 esset
684 1648 869 1719 communi
885 1648 992 1720 saluti
1006 1648 1163 1719 nominis
1175 1644 1372 1720 Christiani
1423 1649 1508 1716 dum
1526 1646 1715 1716 Romanae
1739 1645 1843 1716 sedis·
1894 1643 2004 1736 Quod
2026 1655 2145 1713 autem
2172 1639 2283 1711 alium
2301 1665 2417 1735 quen·

379 1753 557 1822 defutura.
1195 1814 1197 1818 ,
1267 1839 1270 1844 ⁴
1423 1752 1505 1820 darn
1530 1748 1728 1841 principem
1749 1743 1972 1817 evehendum
1989 1770 2064 1817 esse
2081 1745 2127 1813 ad
2142 1744 2325 1835 fastigium
2338 1743 2416 1814 Ro·

483 1852 581 1924 llaec
608 1877 690 1923 cnm
712 1850 842 1923 Gallici
872 1835 980 1944 legali
1011 1864 1370 1923 commemorassent:
1424 1852 1522 1922 mani
1550 1850 1695 1944 lmperii
1725 1849 1839 1941 magis
1860 1849 2028 1932 senserit,
2062 1850 2254 1918 adductum
2279 1872 2316 1918 se
2338 1861 2417 1917 bon

381 1978 589 2051 quanquam
621 1955 791 2047 privatim
824 1956 957 2026 multos
987 1956 1123 2047 ingenti
1157 1955 1308 2049 pecunia
1337 1966 1373 2024 et
1424 1955 1563 2047 privata
1592 1954 1863 2036 benevolentia,
1902 1954 1964 2023 sed
1996 1962 2093 2021 certo
2120 1950 2275 2034 iudicio,
2314 1950 2416 2045 quod

342 2137 349 2156 .
380 2060 485 2129 novis
520 2057 771 2149 largitionibus
806 2058 982 2150 obligatos
1015 2060 1203 2128 tenebant:
1248 2072 1373 2128 tamen
1424 2058 1634 2150 cognoverit
1654 2082 1736 2127 enm
1757 2056 1942 2126 excellenti
1965 2055 2130 2147 ingenio,
2155 2052 2357 2138 industria,
2379 2065 2416 2123 et

380 2156 523 2232 bonesti
548 2159 619 2230 viri
645 2160 772 2231 delecti
798 2184 841 2230 ex
868 2161 1092 2246 civitatibus,
1133 2164 1293 2233 modeste
1317 2185 1373 2231 re·
1424 2159 1672 2253 magnitudine
1688 2159 1799 2228 animi
1817 2158 2018 2251 praeditum
2032 2181 2126 2239 esse,
2153 2167 2188 2225 et
2202 2178 2333 2248 cupere
2351 2180 2416 2249 po·

381 2265 621 2356 sponderunt:
654 2288 692 2335 se
707 2287 783 2334 non
797 2264 1035 2356 impedituros
1054 2265 1255 2334 libertatem
1272 2264 1372 2357 prin·
1425 2264 1573 2334 tentiam
1593 2288 1693 2333 suam
1711 2264 1757 2331 ad
1773 2285 2000 2331 communem
2015 2260 2167 2331 salutem
2182 2259 2365 2332 conferret

382 2365 502 2460 cipum
522 2366 751 2451 Electorum,
781 2389 847 2436 nec
876 2367 1135 2458 significatione
1166 2368 1287 2461 aliqua
1310 2390 1374 2435 vo·
1526 2366 1629 2435 llanc
1643 2364 1906 2436 excusationem
1925 2362 2066 2457 scripsit
2082 2364 2127 2431 ad
2142 2361 2325 2433 Helvetios
2339 2360 2415 2430 Leo

380 2468 529 2540 luntatis
546 2492 658 2553 suae,
691 2481 754 2539 aut
776 2481 915 2539 terrore
937 2470 1033 2552 ullo,
1065 2470 1293 2562 praebituros
1315 2493 1374 2539 oc·
1425 2470 1604 2561 pontifex,
1631 2467 1771 2540 omissis
1785 2468 1925 2559 Regum
1941 2465 2161 2537 nominibus.
2198 2463 2277 2537 Etsi
2293 2475 2415 2536 autern

383 2569 563 2642 racionem
603 2570 803 2641 turbandae
840 2572 1110 2666 tranquillitatis
1144 2572 1375 2655 Germaniae,
1426 2573 1673 2642 intellexerant
1708 2570 1910 2654 Electores,
1949 2594 2042 2666 qnae
2080 2567 2243 2638 omnium
2274 2567 2414 2659 Regum

382 2697 492 2768 quam
514 2687 749 2765 agnoscerent
768 2676 939 2766 patriam.
989 2674 1128 2747 Deinde
1150 2700 1230 2747 cum
1255 2674 1375 2745 nomi·
1425 2676 1558 2769 ubique
1579 2687 1764 2745 terrarum·
1774 2675 1831 2744 vel
1846 2673 1963 2745 studia
1983 2684 2117 2757 essent,
2144 2671 2200 2741 vel
2217 2670 2418 2764 expectatio

268 2864 272 2870 ι
381 2776 496 2846 nolim
531 2775 717 2847 llelvetico
753 2777 898 2849 foedere
933 2780 1137 2869 exceperint
1167 2778 1372 2848 Romanam
1425 2780 1469 2849 de
1493 2774 1561 2847 bac
1583 2778 1775 2861 electione,
1807 2789 1843 2847 et
1865 2801 1939 2873 qno
1967 2776 2191 2867 singulorum
2214 2776 2418 2845 voluntates

381 2874 600 2962 Ecclesiam,
627 2890 662 2948 et
677 2878 883 2949 Romanum
905 2878 1121 2973 Imperium:
1156 2881 1375 2973 profiteban·
1426 2881 1617 2952 inclinatae
1639 2894 1772 2952 essent:
1806 2879 1875 2972 ipsi
1898 2892 2020 2949 tamen
2042 2902 2183 2950 summa
2200 2875 2282 2948 'cum
2299 2876 2419 2969 gravi·

384 2992 444 3051 tur
468 3004 506 3051 se
529 2978 622 3050 nibil
646 2994 771 3050 contra
797 2980 956 3051 Romani
977 2980 1124 3074 Imperii
1146 2984 1374 3054 Maiestatem
1426 2996 1499 3053 tate
1514 2985 1706 3067 cavebant,
1732 3008 1778 3053 ne
1794 2985 1839 3053 ad
1853 2981 1966 3053 ullum
1981 2981 2161 3051 inflectere
2173 3003 2211 3052 se
2224 2980 2419 3075 quisquam

382 3081 541 3154 facturos
575 3107 662 3155 esse.
728 3083 891 3155 Pertinet
924 3097 1043 3155 autem
1078 3089 1124 3156 ad
1151 3086 1374 3157 Maiestatem
1426 3086 1609 3157 videretur
1630 3098 1714 3156 ante
1731 3086 2037 3177 suffragationem.
2088 3084 2204 3157 Nemo
2217 3083 2307 3153 ullas
2325 3082 2421 3153 aluit

382 3183 529 3257 libertas
550 3186 755 3278 principum
776 3185 995 3259 Electorum.
1047 3186 1100 3258 lta
1118 3189 1231 3261 Gallis
1253 3189 1375 3260 dimis-
1426 3190 1616 3275 factiones,
1641 3214 1750 3259 nemo
1775 3188 1918 3283 paravit
1939 3190 1994 3260 sui
2016 3185 2174 3278 suffragii
2193 3186 2419 3267 defensorem

383 3288 443 3374 sie,
469 3291 630 3362 scribunt
644 3289 800 3361 Helvetii
812 3291 933 3367 literas
948 3294 993 3361 ad
1009 3292 1167 3384 singulos
1182 3292 1375 3380 Electores,
1426 3295 1488 3365 sed
1520 3293 1668 3384 integris
1701 3292 1832 3364 animis
1857 3304 2103 3363 convenerunt
2127 3291 2166 3358 in
2193 3288 2419 3383 colloquium

384 3392 424 3461 in
447 3393 577 3488 quibus
600 3406 908 3480 commemorant,
936 3396 1106 3481 rescire,
1137 3419 1246 3492 quarn
1269 3392 1376 3466 vebe·
1426 3395 1627 3480 Hectores,
1666 3396 1840 3492 equibus
1861 3394 2097 3487 Moguntinus
2128 3416 2222 3463 unus
2252 3391 2418 3462 omniurn

260 3508 265 3521 '
383 3507 524 3565 menter
544 3497 682 3566 ambiat
695 3496 822 3568 Gallus
836 3497 1049 3591 imperium,
1078 3512 1113 3569 et
1129 3500 1227 3595 quod
1245 3500 1375 3570 multo·
1416 3500 1676 3592 gravissimum
1699 3524 1791 3571 onus
1815 3498 2023 3571 sustinebat.
2074 3496 2169 3568 Nam
2184 3521 2265 3566 curn
2279 3493 2419 3587 primus

384 3620 466 3669 man
488 3599 630 3670 animos
654 3622 694 3669 ea
721 3600 765 3669 de
787 3624 829 3669 re
849 3600 1026 3673 sollicitet.
1078 3602 1238 3673 Narrant
1255 3603 1376 3689 etiam,
1426 3603 1640 3675 sententiam
1674 3603 1835 3674 dicturus
1866 3614 1972 3687 esset,
1987 3626 1989 3631 ·
2006 3601 2245 3670 laborandum
2280 3598 2313 3668 ei
2336 3596 2420 3683 fuit,

385 3722 478 3793 qnae
500 3704 596 3792 apud
618 3701 716 3791 ipsos
739 3701 925 3792 petiverit,
959 3704 1117 3798 quidque
1138 3705 1207 3798 ipsi
1227 3692 1395 3798 respon-¹
1427 3730 1502 3776 non
1524 3708 1634 3776 modo
1656 3719 1697 3777 ut
1718 3705 1889 3796 suffragio
1913 3728 1979 3776 sno
2007 3704 2163 3798 aliquem
2194 3701 2418 3781 nominaret;

384 3801 516 3874 derint.
577 3802 718 3873 Deinde
750 3816 955 3895 exponunt,
988 3830 1025 3876 se
1060 3808 1227 3898 defugere
1252 3808 1375 3879 omnia
1427 3811 1489 3880 sed
1520 3809 1627 3878 etiam
1657 3832 1781 3880 causas
1811 3830 1895 3879 suae
1923 3805 2189 3899 suffragationis
2211 3813 2419 3897 exponeret,

386 3903 555 3986 consilia,
588 3928 682 4000 quae
704 3904 895 3977 videantur
916 3930 991 3978 esse
1014 3922 1139 3978 contra
1157 3911 1376 3983 Germaniae
1427 3923 1468 3982 ut
1482 3910 1640 4007 reliquos
1655 3912 1701 3979 ad
1717 3935 1820 3982 suam
1841 3910 2054 3981 sententiam
2075 3910 2299 4001 adiungeret.
2349 3902 2420 3976 lta·

387 4004 707 4101 tranquillitatem,
740 4020 776 4077 et
803 4021 937 4101 negant
958 4035 995 4081 se
1015 4012 1087 4080 ulla
1110 4011 1150 4080 in
1170 4037 1210 4083 re
1233 4012 1377 4083 libe'rta·
1428 4037 1499 4109 que
1513 4014 1614 4106 prius
1629 4038 1709 4082 cnm
1726 4013 1756 4083 F
1757 4013 1924 4099 riderico,
1948 4011 2047 4084 Duce
2064 4012 2252 4094 Saxoniae,
2279 4009 2420 4079 denni-

386 4122 458 4179 tem
473 4107 678 4204 principum
691 4108 897 4182 Electorum
913 4111 1150 4206 impedituros
1166 4141 1253 4188 esse.
1428 4139 1529 4187 versa
1551 4116 1732 4208 republica
1757 4113 1980 4199 Christiana,
2022 4129 2058 4186 et
2080 4115 2245 4186 omnibus
2267 4108 2420 4204 imperii

475 4210 662 4285 Adiiciunt
672 4209 977 4300 dehortationem,
998 4242 1043 4288 ne
1060 4220 1106 4287 ad
1121 4218 1245 4292 Gallos
1260 4230 1377 4289 trans·
1427 4219 1635 4291 Germanici
1654 4220 1818 4311 partibus
1837 4218 2067 4315 colloquitur.
2116 4216 2164 4287 Et
2182 4213 2237 4287 bis
2251 4236 2417 4306 congres-

385 4315 522 4386 feratur
542 4314 703 4387 Romani
719 4314 867 4411 Imperii
887 4320 1016 4404 decus,
1051 4346 1140 4393 neve
1160 4335 1376 4393 moveantur
1427 4323 1524 4395 sibus
1546 4335 1640 4394 totas
1663 4322 1824 4414 impertit
1845 4334 1985 4392 noctes:
2025 4345 2067 4391 ae
2089 4345 2129 4392 re
2142 4320 2331 4413 diligenter
2343 4315 2419 4388 dis·

384 4418 566 4513 principes
587 4421 717 4514 opibus
733 4433 796 4492 aut
813 4421 949 4494 viribus
964 4422 1130 4510 Gallicis,
1156 4427 1242 4521 qnia
1258 4420 1376 4496 adbuc
1427 4439 1572 4520 putata,
1609 4421 1693 4496 huic
1723 4426 1881 4497 ostendit
1910 4423 2065 4495 maxime
2094 4421 2323 4516 erepublica
2347 4419 2421 4492 sibi

385 4520 426 4593 in
446 4522 661 4594 Germanica
693 4524 842 4595 natione
870 4537 1012 4596 tantum
1033 4527 1079 4598 sit
1101 4529 1241 4600 consilii
1263 4540 1300 4598 et
1322 4528 1375 4597 vi-
1427 4529 1561 4613 videri,
1593 4540 1635 4600 ut
1660 4527 1811 4600 Carolus
1843 4524 2027 4599 Archidux
2058 4526 2226 4600 Austriae
2252 4523 2420 4616 eligatur.

386 4621 502 4706 rium,
532 4637 575 4694 nt
595 4622 688 4696 nibil
710 4651 801 4720 opus
823 4627 869 4700 sit
888 4640 1027 4701 exteros
1044 4630 1159 4722 Reges
1182 4655 1375 4706 accersere.
1425 4629 1524 4703 ldem
1551 4656 1632 4703 cum
1655 4631 1840 4702 videretur
1864 4631 1956 4702 Duci
1982 4629 2180 4714 saxoniae,
2210 4629 2311 4700 iubet
2333 4650 2419 4697 enm

385 4724 575 4796 Postremo
598 4723 810 4814 hortantur,
841 4743 884 4801 ut
904 4732 1035 4826 aliquis
1055 4735 1209 4827 eligatur
1228 4760 1270 4806 ex
1284 4734 1375 4804 Ger·
1427 4745 1634 4806 constanter
1649 4733 1694 4803 in
1714 4735 1890 4806 sententia
1910 4758 2078 4819 manere,
2104 4746 2144 4804 ut
2161 4752 2419 4803 consensuum

385 4827 529 4899 maniae
560 4829 801 4924 principibus;
841 4845 879 4903 et
909 4834 1142 4927 pollicentur,
1176 4862 1239 4910 sna
1272 4860 1372 4906 arma
1426 4839 1631 4910 dubitantes
1644 4837 1860 4922 invitarent,
1885 4851 1921 4909 et
1937 4849 2175 4931 repugnantes
2194 4836 2393 4905 vincerent.

385 4954 462 5000 non
480 4931 647 5003 defutura
669 4958 744 5005 esse
761 4936 1005 5007 defendendae
1020 4940 1272 5033 tranquillitati
1284 4940 1374 5012 Ger·
1530 4940 1621 5012 Cum
1642 4940 1753 5032 igitur
1775 4941 1969 5015 constituto
1985 4941 2103 5011 dicad
2118 4937 2420 5010 deliberationem

385 5034 540 5105 maniae.
600 5034 770 5107 scribunt
793 5049 829 5108 et
850 5041 896 5109 ad
916 5038 1075 5110 Ireonem
1096 5041 1372 5115 X.'Romonum
1425 5042 1607 5133 Electorcr
1627 5041 1665 5112 in
1682 5042 1829 5115 Curiam
1843 5043 2126 5115 Francofordiae
2149 5041 2261 5140 (quac
2282 5037 2421 5130 dicitur

384 5138 613 5229 pontificem,
643 5152 679 5210 et
704 5152 851 5232 petunt,
884 5166 930 5212 ne
956 5145 1002 5215 sit
1023 5158 1129 5213 arnor
1151 5144 1374 5219 Electoribus
1425 5144 1610 5237 Romana)
1634 5148 1902 5220 convenissent:
1940 5146 2176 5240 Moguntinue
2196 5146 2289 5215 benc
2309 5163 2419 5237 para-

385 5237 540 5333 eligendi
559 5239 668 5335 Regis
691 5242 897 5330 Francisci,
928 5249 1025 5340 qnod
1048 5248 1235 5319 Gallorum
1258 5250 1374 5321 domi·
1424 5262 1482 5322 tur
1508 5250 1712 5321 orationem
1726 5245 1853 5323 babuit
1874 5250 1913 5320 in
1931 5244 2028 5322 bane
2051 5249 2280 5321 sententiam.
2328 5243 2417 5318 Nun

384 5343 485 5416 natio
507 5345 547 5415 in
567 5344 763 5418 Germania
787 5348 950 5439 paritura
975 5363 1065 5420 esset
1088 5353 1245 5442 ingentia
1266 5355 1374 5434 bello,
1425 5353 1551 5424 dubito
1571 5353 1761 5447 equidem,
1793 5353 1992 5448 principem
2018 5352 2099 5423 orbi
2120 5364 2301 5422 terrarum
2321 5343 2418 5417 divi-

392 5518 598 5537 .,.,,,,
1424 5456 1521 5527 nitus
1539 5457 1641 5525 dari:
1670 5468 1797 5528 tamen
1819 5482 1900 5528 cum
1922 5469 2045 5528 nostra
2069 5452 2279 5547 suffragatio
2293 5448 2420 5546 requi·

337 5560 342 5565 ’
1424 5571 1546 5643 ratur,
1584 5559 1739 5652 primum
1769 5584 1836 5631 ore
1858 5559 1975 5631 Deum
2000 5559 2177 5653 optimum
2203 5555 2420 5639 maximnm,

452 5686 529 5739 raso.
547 5688 630 5741 nan
1365 5659 1374 5690 '
1425 5675 1466 5734 nt
1487 5675 1625 5735 mentes
1645 5677 1787 5737 nostras
1809 5665 1994 5756 gubernet.
2045 5662 2185 5734 Deinde
2206 5684 2335 5736 censeo
2348 5680 2421 5729 no-

420 5618 452 5678 1)
470 5619 586 5683 debere]
598 5618 739 5673 siccato.
753 5619 841 5685 Μ,
861 5617 949 5688 ¹65⁰,
969 5620 1054 5687 lbet,
1074 5622 1168 5690 team
1186 5624 1271 5681 nette.
1286 5624 1361 5682 tm.
