5125 6525
262 363 338 446 ⁷49

229 601 235 612 ,
262 543 571 614 accommodatam
583 538 645 635 π).
691 534 767 607 lam
789 539 835 608 de
855 552 1149 630 argumentorum
1174 566 1252 611 ma-

263 647 352 716 teria
377 643 656 736 praecipiemus,
683 664 776 733 quae
798 664 881 733 pars
898 642 1037 710 invenit
1051 644 1252 729 materiem,

264 772 335 842 qua
353 745 495 837 probes,
512 745 609 837 quod
624 743 849 833 propositum
865 756 927 812 est.
955 743 1251 837 Quaesuperiore

262 851 356 918 libro
382 847 512 916 tradita
538 858 641 928 sunt,
668 846 713 911 ad
738 845 981 914 inventionem
1005 848 1152 939 proprie
1175 873 1250 918 non

263 950 464 1043 pertinent,
495 949 556 1017 sed
581 969 674 1041 quae
695 945 767 1014 iam
791 945 935 1015 inventa
961 959 1045 1017 sunt
1067 953 1251 1041 quomodo

264 1063 473 1133 connectas,
499 1050 640 1119 docent.
691 1045 788 1116 llaec
808 1073 893 1117 vero
909 1051 1003 1119 unde
1018 1062 1131 1142 petas,
1154 1054 1251 1146 quod

263 1153 451 1223 dicendum
471 1164 540 1235 est,
566 1149 736 1219 indicant.
769 1148 821 1218 Ut
835 1150 1055 1221 aedificaturi
1075 1176 1157 1226 saxa
1176 1179 1251 1222 ma-

264 1255 461 1349 teriemque
478 1254 635 1345 primum
652 1264 876 1344 comparant,
894 1253 1023 1321 deinde
1040 1268 1252 1325 construunt

265 1382 307 1427 ex
324 1356 401 1426 aliis
417 1357 504 1424 alias
519 1352 669 1424 aedificii
685 1365 821 1446 partes:
850 1354 898 1424 ita
918 1355 1152 1448 disputaturi,
1179 1358 1251 1450 pri-

263 1483 383 1541 mum,
410 1457 506 1549 quod
526 1455 660 1539 dicant,
682 1470 878 1549 quaerunt;
913 1459 1042 1526 deinde
1068 1473 1271 1551 repertum*

264 1572 513 1652 argumentum
535 1559 751 1647 disponunt,
781 1559 1068 1651 syllogismorum
1087 1561 1252 1632 formulis

263 1660 577 1742 circumscribunt,
611 1654 885 1751 enthymematis
907 1662 1089 1748 vinciunt,
1121 1688 1251 1755 epago-

263 1763 315 1855 gis
339 1775 489 1845 ornant,
517 1761 685 1851 exemplis
708 1760 909 1845 illustrant,
939 1765 1048 1834 sorite
1073 1766 1250 1834 muniunt.

263 1866 405 1958 Quare,
430 1864 459 1933 si
476 1865 573 1956 quod
588 1858 707 1930 thema
727 1864 1058 1955 pervestigandum‚
1085 1868 1252 1960 proposi-

223 2039 229 2048 ,
263 1980 339 2036 tum
354 1966 482 2049 fuerit,
508 1978 566 2047 ut,
592 1963 686 2035 Num
700 1964 895 2037 liberalitas
911 1964 1133 2058 'sitlustitiae
1155 1994 1251 2062 pars,

262 2081 303 2138 nt
318 2067 483 2138 Ciceroni
506 2067 666 2149 videtur,
691 2068 848 2158 primum
876 2093 894 2135 a
912 2070 1000 2141 locis
1021 2085 1119 2163 petes
1136 2075 1180 2141 de
1195 2096 1251 2154 3ο,

264 2171 350 2264 quid
375 2170 444 2238 dici
469 2170 598 2260 possit,
633 2169 761 2239 deinde
796 2173 1002 2244 aformnlis
1024 2187 1251 2265 argumento-

263 2296 363 2353 rum,
390 2274 572 2364 quomodo
597 2286 787 2342 connectas
813 2286 1069 2370 construasque
1093 2277 1251 2345 inventa.

261 2372 351 2443 Loci
373 2373 470 2442 enim
492 2386 576 2443 sunt
597 2373 694 2442 velut
710 2375 812 2464 signa
827 2377 1024 2468 quaedam,
1051 2378 1179 2471 quibus
1197 2402 1251 2445 re-

262 2500 366 2556 rum,
390 2498 485 2567 quae
505 2474 576 2543 dici
597 2478 814 2568 tractarique
836 2476 985 2562 debent,
1018 2480 1134 2570 capita
1159 2480 1252 2546 indi-

263 2588 403 2645 cantur.

365 2770 410 2844 lu
429 2773 531 2843 omni
553 2788 765 2865 argumento
786 2801 908 2858 rerum
923 2779 1104 2863 inventio,
1130 2793 1165 2849 et
1179 2781 1252 2872 pri·

263 2900 324 2946 ma
341 2889 404 2960 est,
430 2890 466 2946 et
481 2877 702 2951 difficillima.
734 2878 827 2949 Nam
845 2882 1058 2972 disponendi
1074 2883 1249 2952 rationem

264 2978 341 3069 ipsa
373 2980 448 3046 1333
484 3002 604 3049 rerum
641 2981 799 3049 conditio
834 3007 899 3075 per
929 3009 1003 3054 sese
1030 2984 1251 3077 praescribit.

264 3079 391 3171 Quare
400 3091 535 3170 operae
550 3082 705 3173 pretium
723 3095 787 3166 est,
811 3108 872 3169 33,Ι
897 3111 988 3180 quae
1005 3086 1248 3156 inventionem

263 3182 461 3265 adiuvant,
494 3207 635 3254 summa
668 3208 752 3254 cura
785 3193 823 3253 'et
853 3187 1038 3279 diligentia
1072 3188 1250 3278 meditari.

259 3284 468 3377 ,8331313333
490 3309 527 3356 33
550 3287 736 3378 epistolam
761 3301 824 3358 aut
840 3291 1063 3387 oratiqnem‚
1087 3285 1251 3380 disputa-⁴

263 3398 365 3471 turus
388 3389 481 3456 esde
497 3390 605 3457 rebus
619 3384 893 3480 philosophicis,
912 3393 963 3461 ,33
978 3391 1066 3460 13313
1081 3391 1251 3475 articulis,

767 363 843 439 Vll.
896 365 1265 440 COMPENDIARIA
1289 359 1604 440 DlALliC'l'lCES
1628 365 1792 440 llA'l'lO.

2216 371 2293 446 760

1578 537 1803 608 Locorum
1829 536 2011 609 divisio.

1406 677 1501 747 Tum
1526 679 1669 746 demum
1692 674 1868 744 videberis
1884 676 1996 765 probe
2013 675 2199 745 adsecutus
2218 700 2293 747 esse

1303 780 1421 862 13333,
1459 804 1539 848 cum
1571 778 1763 869 intelliges,
1796 776 1834 843 13
1856 798 1930 868 quo
1954 771 2130 860 themate,
2163 778 2294 871 quibus
2388 828 2393 839 ,

1303 880 1390 952 locis
1411 881 1566 951 maxime
1587 893 1743 950 utamur.
1794 877 1920 969 Neque
1934 877 2029 946 enim
2045 902 2169 949 omnes
2184 880 2255 949 loci
2270 904 2292 948 3

1304 982 1496 1053 dialecticis
1520 982 1664 1064 traditi,
1696 984 1740 1049 ad
1764 979 1947 1048 dialectica
1970 976 2127 1049 themata
2145 983 2293 1074 proprie

1304 1086 1502 1175 pertinent,
1528 1087 1588 1156 sed
1610 1107 1738 1174 magna
1762 1084 1865 1172 parte
1880 1077 2042 1152 rhetores
2057 1083 2094 1150 in
2111 1083 2293 1153 illustran-

1304 1189 1347 1255 da
1366 1185 1529 1255 oratione
1544 1199 1704 1256 utuntur.
1755 1181 1970 1252 Dialecticus
1985 1185 2108 1275 paucis
2120 1186 2209 1256 locis
2223 1186 2292 1254 utiss

1304 1301 1380 1373 tur,
1406 1287 1586 1373 finitione,
1612 1310 1759 1378 genere,
1783 1284 1918 1375 specie,
1944 1287 2124 1375 partibus,
2150 1287 2294 1373 caussis,

1305 1389 1458 1472 eventis,
1484 1414 1613 1480 nempe
1637 1413 1657 1457 a
1677 1388 1806 1482 quibus
1822 1388 2042 1457 necessariae
2061 1389 2293 1480 probationes

1303 1505 1485 1583 petuntur.
1548 1491 1640 1562 Nam
1678 1513 1760 1558 cum
1842 1488 2077 1576 .--·universum
2109 1486 2180 1559 hoc
2210 1504 2294 1581 agat

1303 1593 1506 1676 dialectica,
1531 1605 1701 1686 utquam
1724 1513 1938 1670 centiam,
1966 1605 2000 1662 31
2024 1603 2199 1684 quatenus
2215 1592 2294 1661 fieri

1304 1708 1440 1787 potest,
1472 1693 1668 1765 necessaria
1698 1696 1844 1776 doceat,
1875 1693 1963 1763 locis
1992 1694 2138 1785 proprie
2166 1693 2293 1781 utitur,

1304 1798 1469 1890 aquibus
1484 1797 1680 1867 necessaria
1705 1806 1914 1885 argumenta
1934 1792 2176 1889 petuntur⁸'):
2211 1791 2293 1864 rhe-

1303 1911 1423 1967 torum
1441 1912 1504 1982 est,
1521 1922 1628 1992 quam
1644 1896 1799 1967 maxime
1814 1896 2012 1989 probabilia
2030 1898 2160 1978 dicere,
2180 1919 2293 1990 quare

1304 2013 1339 2070 et
1354 2000 1594 2093 probabilium
1610 2000 1699 2069 locis
1713 1999 1838 2068 utitur.
1880 1998 1955 2069 Nos
1968 2013 2043 2067 rern
2060 2000 2171 2090 paulo
2186 2000 2292 2069 altius

1303 2116 1524 2195 repetemus,
1549 2100 1740 2174 indicaturi
1766 2112 1800 2169 et
1820 2096 2006 2170 rhetorum
2032 2114 2067 2169 et
2090 2099 2293 2169 dialectico·

1303 2229 1384 2275 rum
1401 2205 1514 2275 locos.
1565 2177 1823 2286 probationes,
1856 2203 1946 2272 aliae
1967 2202 2228 2289 inartificiales,
2252 2215 2293 2270 ut

1304 2331 1396 2398 quae
1420 2331 1440 2373 a
1463 2330 1627 2391 rumore,
1652 2305 1855 2386 atestibus,
1882 2328 1901 2371 a
1921 2305 2128 2390 tormentis,
2154 2306 2293 2372 atabu

1303 2406 1347 2477 lis
1364 2410 1561 2487 ducuntur;
1588 2407 1678 2474 aliae
1703 2404 1903 2474 artificiales
1928 2418 2022 2475 sunt.
2073 2406 2151 2475 liae
2173 2406 2293 2496 signis,

1306 2509 1536 2599 argumentis,
1563 2521 1598 2576 et
1611 2508 1780 2599 exemplis
1796 2520 1971 2594 constant.
2000 2507 2094 2577 Nam
2109 2504 2293 2576 111333313-

1303 2610 1377 2679 bris
1412 2611 1660 2702 probationem
1696 2607 1916 2677 artificialem
1953 2608 2198 2701 Quintilianus
2230 2609 2293 2675 ab·

1303 2712 1422 2784 solvit.

1672 2847 1735 2918 De
1767 2848 1921 2940 signis.

1409 2984 1516 3075 Signa
1533 2983 1581 3079 ⁸¹)
1608 3008 1712 3055 33333
1738 2981 1955 3075 deprehensa
1983 2995 2150 3064 movent,
2188 2962 2296 3050 3133Ι

1303 3088 1355 3156 313
1378 3087 1474 3155 31133
1503 3087 1673 3178 quiddam
1706 3087 1905 3176 colligatur.
1963 3086 2130 3152 Alienum
2162 3106 2293 3173 prope-

1303 3191 1451 3257 modum
1477 3183 1544 3254 hoc
1566 3186 1820 3278 probationum
1843 3211 1954 3278 genus
1978 3188 2023 3252 ab
2045 3196 2120 3252 arte
2139 3183 2292 3252 videtur.

1303 3291 1411 3380 Signa
1427 3289 1582 3379 duplicia
1600 3302 1701 3374 sunt,
1727 3289 1797 3357 alia
1816 3288 2033 3373 necessaria,
2059 3300 2112 3369 ut,
2133 3284 2293 3376 Peperit,
2304 3288 2318 3299 ‘'

1303 3404 1451 3461 nonest
1472 3391 1582 3480 igitur
1604 3392 1724 3480 virgo:
1757 3386 1908 3460 Athenis
1926 3391 2013 3472 1311,
2040 3413 2120 3459 cum
2141 3387 2293 3457 1113113-
2327 3428 2332 3437 ·

264 3489 1250 3581 33333313,3313333133333131333,,1331,1331331)331
1303 3517 1384 3561 mae
1400 3493 1634 3574 occideretur,
1659 3516 1733 3562 oon
1748 3492 1877 3563 occidit
1894 3493 2014 3583 igitur.
2064 3490 2144 3559 Alia
2162 3490 2292 3581 proba·
2326 3522 2338 3544 s

260 3593 336 3661 Aut
353 3590 506 3659 alienam
523 3589 722 3663 orationem
739 3591 959 3673 iudicaturus
972 3619 1032 3676 es,
1056 3609 1149 3664 certe
1168 3619 1252 3681 ¹con-
1303 3596 1409 3677 bilia,
1435 3607 1494 3676 31,
1513 3593 1692 3685 Sepeliisti
1705 3597 1820 3677 33133,
1844 3595 1953 3686 131133
1969 3592 2140 3662 3331311311.
2174 3594 2292 3684 Atque

263 3692 382 3763 silium
406 3692 480 3761 eius
501 3717 688 3786 nonquam
710 3691 1007 3784 deprehenderis,
1031 3696 1100 3767 nisi
1116 3711 1252 3788 specta·
1302 3694 1510 3766 huiusmodi
1524 3698 1635 3765 ferme
1652 3710 1704 3766 est
1717 3697 1959 3788 suspicionum
1975 3694 2141 3764 materies
2156 3693 2194 3761 13
2209 3717 2293 3761 333-

264 3794 378 3880 veris,
416 3795 544 3887 quibus
570 3791 689 3864 thema
721 3798 808 3867 13313
834 3798 1012 3869 munitum
1037 3802 1093 3869 sit.
1155 3800 1252 3867 Tota
1304 3800 1544 3869 iecturalibus.
1601 3799 1786 3891 Quaedam
1819 3799 1904 3869 item
1936 3800 2038 3888 signa
2062 3797 2293 3889 praecedunt,

263 3896 360 3966 enim
377 3897 430 3966 vis
447 3896 669 3968 inventionis¹
681 3899 717 3965 in
734 3900 821 3969 locis
834 3901 949 3991 posita
967 3915 1037 3985 est,
1065 3902 1251 3995 exquibus
1305 3906 1480 3995 quaedam
1505 3901 1642 3970 iurem
1676 3914 1897 3991 praesentem
1929 3902 2082 3983 cadunt,
2115 3901 2291 3991 quaedam

262 4024 328 4070 ceu
342 3999 501 4068 fontibus
515 4001 632 4070 oratio
648 4003 774 4071 deduci
793 4004 894 4073 solet.
924 4001 966 4072 ln
981 4005 1082 4077 omni
1096 4000 1251 4072 themate
1303 4006 1587 4096 subsequuntur,
1630 4028 1721 4097 quae
1750 4004 1871 4072 omnia
1905 4003 1943 4069 in
1972 4001 2156 4092 proposita
2185 4023 2292 4092 quae·

262 4105 439 4196 quaedam
457 4116 686 4191 argumenta,
713 4103 787 4194 ipsa
809 4106 928 4174 statim
945 4119 1072 4176 natura
1088 4106 1252 4197 ingenio-
1304 4107 1419 4176 stione
1432 4105 1622 4194 diligenter
1638 4105 1895 4175 consideranda
1911 4116 2006 4173 3331.
2055 4102 2182 4193 Neque
2195 4099 2291 4168 enim

262 4207 311 4275 313
328 4202 535 4275 hominibus
551 4206 725 4296 suggerit,
751 4208 812 4276 sed
828 4230 955 4296 pauca,
981 4233 1073 4301 qnae
1088 4208 1251 4277 munien'-
1303 4209 1415 4277 ullum
1437 4232 1498 4297 per
1513 4232 1586 4276 sese
1605 4209 1744 4298 signum
1763 4208 1876 4287 valet,
1903 4205 1965 4274 sed
1985 4205 2096 4271 multa
2119 4203 2157 4269 in
2178 4224 2290 4268 unum

263 4310 322 4390 da,
348 4309 554 4376 exornanda
571 4320 606 4375 et
619 4309 868 4398 amplificanda
886 4323 970 4379 sunt
981 4311 1138 4401 plurium
1155 4311 1251 4378 1333-
1304 4322 1490 4399 33333313,
1523 4309 1751 4378 verisimilem
1783 4306 2033 4398 probationem
2061 4303 2219 4372 efficiunt
2231 4300 2292 4396 ⁹¹)

263 4434 343 4478 rum
369 4408 605 4478 adminiculis.
652 4410 809 4477 Adiuvat
829 4412 922 4478 enim
944 4437 1001 4482 ars
1016 4426 1181 4481 naturam
1192 4411 1252 4502 ⁷⁸),
1302 4417 1337 4478 A
1351 4410 1594 4501 praecedenti,
1619 4423 1672 4492 31,
1693 4409 1767 4478 lam
1786 4412 1872 4477 olim
1890 4407 2076 4477 insidiatus
2095 4417 2147 4474 est
2161 4403 2292 4472 Miloni

264 4536 344 4581 cnm
371 4513 409 4578 in
433 4511 611 4605 plerisque
636 4512 735 4604 aliis,
762 4522 836 4581 tum
854 4515 1007 4583 maxime
1025 4515 1064 4582 in
1086 4516 1251 4584 (licendo.
1305 4513 1468 4593 Clodius,
1494 4526 1536 4581 ut
1555 4524 1710 4583 constat:
1738 4511 1923 4604 probabile
1940 4510 2050 4600 igitur
2067 4519 2137 4588 est,
2163 4520 2198 4575 et
2214 4530 2292 4574 mo·

262 4613 311 4685 Et
344 4639 363 4682 e
391 4614 583 4685 dialecticis
611 4615 698 4684 locis
731 4615 890 4686 exoritur
921 4642 983 4686 ceu
1014 4619 1112 4687 fonte
1148 4620 1249 4706 copia
1304 4618 1351 4684 do
1376 4615 1582 4685 insidiatum
1607 4637 1692 4684 esse.
1744 4615 1799 4682 Ab
1823 4614 1887 4695 iis,
1919 4635 2011 4705 quae
2033 4611 2071 4678 in
2091 4612 2168 4678 rem
2189 4632 2292 4697 prae-

263 4716 460 4801 stationis,
488 4740 579 4809 quae
595 4731 742 4787 eatenus
756 4720 801 4785 ad
818 4718 930 4787 331331
943 4720 1116 4791 iudicium
1130 4720 1252 4788 vocari
1299 4730 1438 4788 sentem
1461 4719 1611 4798 cadunt,
1635 4728 1695 4796 31,
1720 4718 1895 4785 Armatus.
1909 4713 2055 4782 Clodius
2076 4725 2174 4794 erat,
2199 4710 2293 4805 iner-

261 4832 401 4910 potest,
433 4832 608 4911 quatenus
634 4844 653 4888 3
679 4819 764 4890 13313
795 4820 987 4891 dialecticis
1019 4822 1177 4893 nascitur
1192 4821 1251 4916 119).
1305 4821 1372 4889 mis
1389 4833 1423 4888 et
1438 4819 1630 4911 impeditus
1645 4818 1746 4903 Μ113,
1758 4816 1945 4908 probabile
1964 4828 2016 4886 est
2032 4814 2153 4905 igitur,
2176 4810 2293 4881 3013-

263 4918 339 4991 lam
363 4920 486 5010 copiae
507 4922 684 4989 rationem
710 4947 817 5015 quam
841 4923 1006 4991 facillime
1025 4928 1253 5018 adsequetur,
1304 4924 1365 4991 dio
1390 4922 1519 4989 Miloni
1550 4922 1697 4990 insidias
1730 4923 1852 4989 133133.
1921 4921 1955 4986 Α
1983 4915 2293 5009 consequentibus,

266 5023 330 5117 qui
349 5024 395 5090 ad
412 5036 562 5092 naturae
580 5026 696 5094 fontes
714 5024 903 5095 revocarit.

300 5291 350 5409 713
375 5294 476 5340 annot.
500 5302 604 5356 marg:
637 5293 704 5343 1331
730 5292 835 5347 13111333
859 5265 1080 5344 3331331331ιὶ
1104 5306 1253 5360 arguuen-

348 5371 435 5411 oron.

300 5463 351 5522 78)
368 5465 469 5512 Anuot
488 5473 593 5524 marg:
617 5464 672 5510 Ars
689 5461 880 5512 333-13133133
898 5466 1023 5513 naturae.

300 5565 350 5625 79)
367 5568 468 5615 annot
484 5575 593 5628 13333
617 5562 701 5613 naua
718 5563 815 5625 333133
830 5563 900 5614 13313
917 5565 1052 5619 metue.

1303 5038 1365 5107 ut,
1390 5023 1793 5114 Profugitgaprobabile
1815 5034 1868 5092 est
1890 5021 2019 5110 igitur,
2054 5019 2171 5087 caedis
2190 5041 2292 5086 reum

1307 5151 1392 5195 3333.
1443 5125 1522 5195 1133
1544 5126 1683 5194 3333313
1703 5125 1876 5215 pertinet,
1902 5126 1987 5193 item
2007 5143 2100 5215 quae
2114 5145 2193 5210 spes
2209 5142 2293 5188 con-

1306 5262 1512 5281 ...u-...uh-

1341 5329 1389 5392 eo)
1409 5330 1516 5447 33333
1527 5340 1632 5392 marg:
1662 5329 1745 5378 solae
1769 5327 1944 5377 necessariae
1966 5325 2144 5389 probationes
2167 5317 2294 5374 31313311-

1375 5409 1424 5447 eae
1442 5411 1494 5447 333

1279 5492 1282 5519 ¹
1339 5481 1389 5545 81)
1406 5483 1509 5549 Δ3331.
1519 5493 1626 5547 urg:
1651 5483 1754 5547 Sigae,
1772 5481 1929 5534 rhetoricae
1944 5481 2138 5543 probationes.

1277 5524 1284 5596 Ι
1341 5565 1391 5630 81)
1410 5571 1509 5617 annot.
1528 5579 1633 5633 merga
1658 5571 1746 5634 signe
1762 5570 1930 5618 3333333313
1946 5566 2070 5616 muttit
2088 5567 2215 5629 3331331.
