5125 6525
366 576 517 664 Civitas,
553 578 758 659 civitatum,
785 575 960 660 militum,
986 578 1128 658 furum,
1154 599 1258 669 agge·

262 705 344 750 rurn
362 695 427 751 etc.

364 783 483 853 Boum
507 779 709 875 ἀνώμαλον
733 793 796 852 est.
847 780 1009 852 Alituum
1032 803 1101 871 pro
1120 780 1260 863 alitum,

190 924 194 930 -
262 882 448 977 epenthesi
470 885 553 955 fecit
572 884 696 955 Poeta.

491 1050 688 1120 Dativus
706 1062 760 1142 yet
786 1049 1029 1120 Ablativus

366 1166 407 1237 ln
421 1169 489 1238 bus
507 1167 694 1252 desinunt,
721 1180 761 1237 ut

470 1286 616 1356 Civibus
765 1284 949 1355 militibus.

467 1389 590 1459 Bobus
607 1378 810 1480 ἀνώμαλον
825 1400 888 1458 est.

518 1560 694 1655 Quarta
722 1558 1002 1632 Declinatio.

365 1679 536 1751 Continet
554 1681 643 1750 duas
662 1679 954 1765 terminationes,
980 1707 1022 1752 us
1042 1694 1077 1751 et
1093 1708 1138 1765 u,
1166 1707 1258 1777 quae
1350 1728 1354 1734 -

258 1797 472 1855 neutrorum
496 1795 635 1852 tantum
645 1780 692 1871 ⁸⁵)
713 1796 776 1852 est.
823 1781 994 1853 Formam
1010 1785 1258 1858 declinationis

259 1912 308 1957 ex
320 1886 572 1979 Paradigmate
592 1909 793 1977 cognosces.

636 2052 885 2145 Singulariter.
939 2067 942 2071 ’

313 2155 380 2226 flic
396 2157 533 2227 fructus
1168 2232 1171 2236 ,

312 2256 418 2331 huius
432 2260 582 2343 fructus,
633 2258 779 2328 Veteres
795 2258 902 2327 etiam
916 2260 1065 2339 fructuis
1080 2253 1258 2332 dixerunt.

312 2357 396 2433 huic
410 2364 547 2432 fructui

313 2459 411 2534 hunc
425 2466 581 2533 fructum
684 2460 794 2543 Item,
836 2458 936 2533 Nihil
971 2464 1136 2547 tumulti,
1168 2462 1260 2535 nihil

315 2567 488 2635 ofructus
688 2563 827 2643 ornati,
852 2564 998 2658 antique
1015 2566 1150 2636 dictum
1167 2565 1229 2640 est.

315 2668 471 2736 afructu
1156 2663 1162 2671 ⁴
1230 2663 1247 2672 ”

367 2784 474 2876 Apud
497 2797 622 2875 poetas
645 2779 728 2852 huic
744 2786 862 2853 fructu
879 2781 976 2857 κατὰ
994 2784 1188 2885 ἀποκοπὴν
1206 2792 1280 2863 ἰιι·.

261 2910 396 2957 ventes.

661 3004 865 3076 Pluraliter.

316 3102 356 3176 hi
373 3109 510 3177 fructus
989 3196 991 3199 y
1060 3167 1071 3186 ·.
1130 3182 1133 3186 ,

279 3226 282 3229 ’
313 3205 642 3287 horumlructuum
715 3209 822 3301 Apud
856 3224 980 3303 poetas
1007 3212 1165 3289 invenies
1192 3241 1259 3309 pro

316 3308 373 3383 his
386 3312 560 3383 fructibus

315 3411 382 3486 hos
396 3414 532 3499 fructus
564 3476 566 3481 ,
641 3479 644 3484 .

317 3544 339 3588 o
353 3518 489 3607 fructus

317 3644 337 3690 a
351 3608 537 3691 fructibus.

370 3734 411 3806 ln
433 3738 525 3807 ubus
552 3736 719 3807 desinunt
743 3734 848 3808 haec:
890 3742 1056 3828 artubus,
1098 3726 1262 3829 arcubus,

215 3864 219 3869 ·
265 3841 461 3933 portubus,
496 3840 649 3923 acubus,
683 3841 849 3927 lacubus,
882 3845 1066 3930 tribubus,
1095 3848 1262 3933 verubus,

266 3945 464 4035 specubus,
491 3945 713 4039 quercubus,
738 3947 874 4016 ficubus
883 3945 951 4045 ⁸⁸)·;
985 3949 1107 4020 sedin
1133 3952 1262 4024 talibus

266 4048 456 4117 doctorum
474 4050 696 4118 consuetudo
714 4051 937 4121 observanda
954 4065 1017 4124 est.

716 3338 907 3397 curruum,
952 3310 1119 3404 curriun,
1163 3318 1260 3394 κατᾶ

717 3413 945 3512 voratorem.

643 4203 892 4293 Singulariter.

371 4318 449 4392 Hoc
468 4347 601 4405 cornu,
626 4320 802 4396 ἄπτωτον
819 4325 924 4396 estin
941 4326 1126 4420 singulari.

576 4438 684 4513 huius
710 4467 824 4517 cornu

578 4541 664 4617 huic
691 4570 805 4618 cornu

578 4644 649 4718 hoc
675 4672 788 4719 cornu

580 4775 602 4820 o
629 4774 743 4822 cornu

577 4878 598 4922 a
626 4878 750 4924 cornu.

664 4989 869 5061 Pluraliter.

580 5106 669 5178 haec
697 5133 831 5180 cornua

580 5207 713 5287 borum
739 5236 916 5283 cornuum

580 5308 637 5387 his
667 5315 835 5387 cornibus

684 2361 891 2430 Terentius:
919 2360 1006 2432 Eius
1024 2365 1125 2434 anuis
1141 2388 1258 2435 causa.
1319 2407 1337 2428 ..

918 356 1051 478 'novt¹
1099 398 1429 475 cnannanca
1460 398 1654 475 sarova

1619 567 1710 640 haec
1735 558 1887 642 cornua

1511 724 1513 726 -
1622 698 1644 744 o
1672 684 1816 750 cornua

1618 798 1638 844 a
1663 777 1843 847 cornibus.

1567 940 1740 1034 Quinta
1770 941 2051 1011 Declinatio.
2094 995 2096 1000 .

1413 1058 1528 1127 Unica
1557 1060 1764 1131 terminatio
1790 1074 1842 1131 est
1867 1060 1985 1155 quinti
2002 1061 2157 1145 ordinis,
2184 1084 2240 1142 es,
2266 1074 2320 1134 ut,

1310 1161 1463 1255 species,
1491 1162 1588 1232 fides.

1631 1289 1634 1294 “
1687 1280 1934 1373 Singulariter.

1451 1382 1564 1463 ,Haec
1589 1382 1723 1474 species

1465 1480 1572 1556 huius
1599 1485 1730 1576 speciei
1819 1486 1965 1575 elonga
1990 1497 2042 1554 est
2065 1484 2103 1554 in
2121 1486 2242 1576 puris,
2266 1486 2306 1558 id

1465 1584 1550 1657 huic
1576 1586 1706 1678 speciei
1819 1598 1890 1670 est,
1916 1587 2078 1656 vocalem
2095 1602 2177 1658 ante
2193 1590 2226 1680 pi
2242 1584 2307 1658 ha·

1466 1686 1561 1760 hanc
1585 1690 1738 1781 speciem
1816 1688 1983 1760 bentibus
1992 1686 2055 1785 ⁸⁷),
2075 1690 2114 1759 in
2131 1688 2210 1764 aliis
2224 1690 2305 1760 bre-

1467 1817 1488 1862 0
1515 1793 1649 1885 species
1822 1792 1894 1876 vis,
1921 1805 1961 1862 ut
1974 1791 2069 1862 fidei.

1468 1896 1642 1988 aspecie.
1690 1961 1692 1966 ,
1742 1981 1745 1986 ¹
1788 1944 1791 1949 ,

1703 2013 1910 2085 Pluraliter.

1620 2112 1688 2185 hae
1713 2117 1847 2208 species

1621 2215 1749 2287 harum
1774 2219 1971 2310 specierum

1526 2356 1528 2360 ·
1619 2316 1676 2389 his
1702 2321 1886 2411 speciebus

1619 2417 1686 2492 has
1711 2422 1843 2513 species

1622 2549 1644 2591 ο
1671 2548 1804 2613 species

1622 2626 1864 2716 aspeciebus.

1414 2743 1621 2827 Genitivus,
1648 2745 1789 2815 dativus
1805 2757 1840 2813 et
1857 2743 2033 2813 ablativus
2049 2744 2087 2811 in
2102 2740 2225 2833 paucis
2238 2765 2304 2809 no·

1312 2849 1469 2917 minibus
1484 2843 1591 2917 huius
1607 2846 1744 2917 ordinis
1759 2859 1989 2938 usurpantur.
2223 2922 2225 2924 ,

1412 2949 1516 3019 Olim·
1542 2973 1585 3019 ex
1616 2950 1722 3018 tertio
1748 2950 1875 3019 ordine
1900 2950 2077 3043 quaedam
2099 2943 2171 3017 hoc
2186 2947 2305 3016 =modo

1183 3075 1189 3084 ·
1226 3024 1229 3029 .
1312 3053 1561 3136 declinabant,
1601 3051 1786 3143 plebes”)
1814 3053 1942 3144 plebei.
2009 3050 2075 3121 Est
2102 3051 2140 3118 id
2161 3072 2307 3143 quoque

1312 3145 1597 3239 observaridum,
1629 3154 1826 3245 genitivum
1853 3150 2017 3224 contrahi
2039 3154 2153 3223 solere
2177 3153 2216 3220 in
2238 3145 2307 3219 hac

1312 3258 1574 3341 declinatione,
1601 3269 1640 3326 ut
1662 3282 1728 3348 pro
1752 3257 1975 3328 dietdicatur
1992 3255 2070 3339 die,
2097 3255 2195 3348 quod
2212 3265 2307 3322 recte

1312 3362 1445 3432 scribas
1468 3359 1596 3452 dietw)
1624 3359 1770 3451 antiqua
1789 3354 2033 3450 diphthongo,
2059 3359 2211 3448 utapud
2225 3355 2308 3424 Vir·

1312 3463 1437 3554 gilium
1454 3458 1606 3560 [Georg.
1621 3458 1648 3544 l,
1665 3458 1791 3558 208.]:
1826 3462 1935 3530 Libra
1952 3462 2023 3531 diei
2039 3460 2227 3553 somnique
2244 3481 2308 3551 pa-

1312 3589 1370 3636 res
1385 3567 1448 3636 ubi
1462 3564 1584 3634 fecerit
1600 3560 1721 3635 horas.

1607 3715 2005 3793 Deheteroclitis.

1417 3839 1599 3911 Hactenus
1633 3838 1840 3929 ,analogiam
1881 3835 2153 3930 proposuimus,
2198 3857 2309 3929 quam

1313 3967 1446 4037 pueros
1479 3943 1601 4012 animo
1634 3942 1822 4035 complecti
1854 3952 2016 4033 oportet,
2050 3951 2091 4007 ut
2110 3940 2243 4028 fingere
2266 3960 2309 4006 ex

1314 4045 1509 4139 propositis
1535 4045 1791 4137 paradigmatis
1808 4046 1970 4113 omnium
1989 4067 2116 4113 vocum
2136 4065 2237 4111 casus
2253 4051 2308 4107 at-

1316 4174 1385 4243 que
1403 4147 1621 4219 variationes
1639 4147 1787 4240 possint.

1417 4249 1483 4321 Est
1504 4262 1623 4319 antem
1646 4249 1811 4340 analogia
1836 4245 2044 4341 proportio,
2075 4270 2155 4315 cum
2177 4245 2328 4318 similia.

1315 4355 1409 4424 inter
1423 4378 1460 4423 se
1476 4352 1728 4435 conferuntur,
1755 4374 1890 4420 nomen
1904 4350 2035 4418 iactum
2055 4349 2099 4417 ab
2117 4344 2310 4448 ἀναλέγειν

1315 4469 1482 4548 reputare
1506 4465 1614 4548 atque
1638 4452 1908 4550 aestimare⁴'),
1943 4454 2039 4545 quod
2057 4451 2221 4522 videlicet
2239 4451 2311 4522 col·¹

1316 4560 1449 4628 latione
1481 4556 1679 4628 similitudo
1711 4552 2021 4649 deprehendatur,
2062 4570 2098 4625 et
2124 4567 2309 4648 appareat.

1316 4661 1506 4753 Superest,
1534 4672 1576 4729 nt
1599 4663 1643 4728 de
1666 4658 1842 4732 anomalis
1858 4658 2032 4731 dicamus.
2083 4659 2174 4729 Sunt
2185 4671 2309 4729 ‘autem

1316 4787 1519 4858 perpauca,
1551 4761 1590 4831 in
1605 4763 1734 4857 quibus
1749 4786 1832 4834 usus
1845 4760 1974 4832 Latine
1997 4762 2223 4858 loquentium
2240 4760 2311 4832 dis·

1316 4866 1421 4937 cessit
1442 4866 1487 4935 ab
1510 4864 1688 4958 analogia.
1723 4861 1889 4959 ‘operer
1907 4866 2053 4936 Graecis
2075 4864 2223 4959 aequale
2247 4876 2312 4937 est.

1316 4971 1422 5040 Unde
1439 4969 1606 5038 anomala
1621 4969 1788 5039 dixerunt
1803 4993 1866 5054 ea,
1893 4993 1985 5064 qnae
2002 4993 2075 5038 non
2092 4970 2313 5063 quadrarent

1318 5075 1363 5142 ad
1380 5072 1553 5162 regulam.

1317 5229 1515 5243 ,σ--υ-

1324 5343 1327 5349 -
1351 5307 1400 5372 17)
1417 5308 1468 5360 lld.
1485 5320 1511 5359 e.
1523 5318 1549 5358 e.
1566 5305 1644 5358 aaut
1661 5308 1720 5362 nc
1739 5309 1906 5372 exemplare:
1931 5310 1962 5359 nt
1980 5309 2117 5363 neterlel.

1351 5390 1401 5456 ⁸8)
1420 5390 1530 5459 plebes]
1552 5392 1636 5442 nette
1656 5392 1742 5458 lm,
1760 5407 1784 5444 ε.
1797 5405 1840 5449 e.:
1865 5396 1942 5459 plebs

1232 5486 1245 5495 ·
1352 5477 1401 5546 ³0)
1420 5477 1491 5539 diet]
1510 5477 1595 5532 nette
1617 5476 1706 5544 tm,
1724 5491 1749 5529 e.
1763 5490 1807 5531 ιε
1831 5478 1893 5532 diet.

260 5567 282 5591 ι·
304 5546 355 5615 et)
374 5551 494 5611 matun]
511 5548 539 5600 tn
557 5550 608 5604 ee.
625 5562 648 5599 ε.
660 5560 686 5602 a.
706 5550 793 5600 deest.

305 5628 358 5697 Ν)
373 5632 495 5696 emera]
511 5634 541 5685 tn
557 5634 644 5686 oute.
664 5633 751 5698 tm,
768 5646 793 5685 r.
807 5644 833 5684 e.
850 5634 939 5687 deest.

270 5715 461 5782 manre.
481 5718 589 5785 Oeen.
612 5717 698 5782 Ver..
713 5717 787 5782 xx.

1355 5562 1410 5630 ΦΥ·
1421 5557 1566 5633 dretbserr
1582 5590 1619 5603 -
1635 5563 1820 5634 erati-ared
1844 5565 1929 5619 ruet.
1949 5567 2042 5633 tm,
2065 5578 2089 5620 e.
2102 5577 2145 5620 ιε
2173 5556 2313 5635 lutire·

1389 5647 1458 5699 μαι,
1480 5635 1552 5696 quoe
1568 5634 1709 5699 etgntleet
1725 5641 1847 5707 reputo,
1862 5635 1989 5701 mero,
