<?xml version="1.0" encoding="UTF-8"?>
<!DOCTYPE html PUBLIC "-//W3C//DTD XHTML 1.0 Transitional//EN"
    "http://www.w3.org/TR/xhtml1/DTD/xhtml1-transitional.dtd">
<html xmlns="http://www.w3.org/1999/xhtml" xml:lang="en" lang="en">
 <head>
  <title>
</title>
<meta http-equiv="Content-Type" content="text/html;charset=utf-8" />
  <meta name='ocr-system' content='tesseract 3.04.00' />
  <meta name='ocr-capabilities' content='ocr_page ocr_carea ocr_par ocr_line ocrx_word'/>
</head>
<body>
  <div class='ocr_page' id='page_1' title='image "./philippimelanth20melagoog/philippimelanth20melagoog_0200.png"; bbox 0 0 5125 6525; ppageno 0'>
   <div class='ocr_carea' id='block_1_1' title="bbox 258 302 2430 436">
    <p class='ocr_par' dir='ltr' id='par_1_1' title="bbox 258 302 2430 436">
     <span class='ocr_line' id='line_1_1' title="bbox 258 302 2430 436; baseline -0.003 -15"><span class='ocrx_word' id='word_1_1' title='bbox 258 338 338 436; x_wconf 66' lang='lat' dir='ltr'><strong>‚sos</strong></span> <span class='ocrx_word' id='word_1_2' title='bbox 465 326 516 414; x_wconf 86' lang='lat' dir='ltr'><strong>tt</strong></span> <span class='ocrx_word' id='word_1_3' title='bbox 568 335 890 411; x_wconf 81' lang='lat' dir='ltr'><strong>nxnonrsrro</strong></span> <span class='ocrx_word' id='word_1_4' title='bbox 915 337 1224 414; x_wconf 77' lang='grc' dir='ltr'><strong>ιιιιιιιιιιιιιι</strong></span> <span class='ocrx_word' id='word_1_5' title='bbox 1251 341 1317 410; x_wconf 78' lang='grc' dir='ltr'><strong>ιι)</strong></span> <span class='ocrx_word' id='word_1_6' title='bbox 1344 340 1541 412; x_wconf 76' lang='lat' dir='ltr'><strong>sattim</strong></span> <span class='ocrx_word' id='word_1_7' title='bbox 1572 338 1747 412; x_wconf 87' lang='lat' dir='ltr'><strong>runos</strong></span> <span class='ocrx_word' id='word_1_8' title='bbox 1761 302 2106 416; x_wconf 81' lang='grc' dir='ltr'><strong>ιιιιιιιιιιιιιιιιι.</strong></span> <span class='ocrx_word' id='word_1_9' title='bbox 2232 344 2306 419; x_wconf 79' lang='grc' dir='ltr'><strong>ιιι</strong></span> <span class='ocrx_word' id='word_1_10' title='bbox 2427 359 2430 364; x_wconf 89' lang='grc'><em>·</em></span> 
     </span>
    </p>
   </div>
   <div class='ocr_carea' id='block_1_2' title="bbox 259 506 2406 4234">
    <p class='ocr_par' dir='ltr' id='par_1_2' title="bbox 259 506 2406 4208">
     <span class='ocr_line' id='line_1_2' title="bbox 259 506 2307 606; baseline -0 -18"><span class='ocrx_word' id='word_1_11' title='bbox 259 506 534 588; x_wconf 79' lang='lat' dir='ltr'><strong>incurribttsot</strong></span> <span class='ocrx_word' id='word_1_12' title='bbox 548 510 588 586; x_wconf 85' lang='lat' dir='ltr'><strong>in</strong></span> <span class='ocrx_word' id='word_1_13' title='bbox 604 512 729 606; x_wconf 76' lang='lat' dir='ltr'><strong>cquis,</strong></span> <span class='ocrx_word' id='word_1_14' title='bbox 751 525 956 586; x_wconf 82' lang='lat' dir='ltr'><strong>nos-antem</strong></span> <span class='ocrx_word' id='word_1_15' title='bbox 971 512 1009 582; x_wconf 92' lang='lat' dir='ltr'><strong>in</strong></span> <span class='ocrx_word' id='word_1_16' title='bbox 1025 511 1173 584; x_wconf 87' lang='lat' dir='ltr'><strong>nomine</strong></span> <span class='ocrx_word' id='word_1_17' title='bbox 1189 510 1260 582; x_wconf 79' lang='lat' dir='ltr'><strong>Dei</strong></span> <span class='ocrx_word' id='word_1_18' title='bbox 1416 512 1482 584; x_wconf 84' lang='lat' dir='ltr'><strong>llis</strong></span> <span class='ocrx_word' id='word_1_19' title='bbox 1506 513 1593 586; x_wconf 70' lang='lat' dir='ltr'><strong>act&#39;·</strong></span> <span class='ocrx_word' id='word_1_20' title='bbox 1614 510 1815 605; x_wconf 82' lang='lat' dir='ltr'><strong>lmperator</strong></span> <span class='ocrx_word' id='word_1_21' title='bbox 1840 527 2056 586; x_wconf 85' lang='lat' dir='ltr'><strong>conventum</strong></span> <span class='ocrx_word' id='word_1_22' title='bbox 2075 516 2224 585; x_wconf 78' lang='lat' dir='ltr'><strong>dimittit</strong></span> <span class='ocrx_word' id='word_1_23' title='bbox 2240 519 2307 587; x_wconf 90' lang='lat' dir='ltr'><strong>cir-</strong></span> 
     </span>
     <span class='ocr_line' id='line_1_3' title="bbox 261 613 2304 706; baseline 0 -16"><span class='ocrx_word' id='word_1_24' title='bbox 261 614 382 690; x_wconf 86' lang='lat' dir='ltr'><strong>nustri</strong></span> <span class='ocrx_word' id='word_1_25' title='bbox 393 614 710 706; x_wconf 83' lang='lat' dir='ltr'><strong>omniageremus.</strong></span> <span class='ocrx_word' id='word_1_26' title='bbox 1314 617 1402 687; x_wconf 91' lang='lat' dir='ltr'><strong>citer</strong></span> <span class='ocrx_word' id='word_1_27' title='bbox 1415 617 1544 687; x_wconf 88' lang='lat' dir='ltr'><strong>festum</strong></span> <span class='ocrx_word' id='word_1_28' title='bbox 1559 615 1644 687; x_wconf 88' lang='lat' dir='ltr'><strong>Divi</strong></span> <span class='ocrx_word' id='word_1_29' title='bbox 1656 613 1946 687; x_wconf 87' lang='lat' dir='ltr'><strong>Bartholomaei:</strong></span> <span class='ocrx_word' id='word_1_30' title='bbox 1970 618 2054 687; x_wconf 91' lang='lat' dir='ltr'><strong>inde</strong></span> <span class='ocrx_word' id='word_1_31' title='bbox 2068 618 2109 687; x_wconf 91' lang='lat' dir='ltr'><strong>in</strong></span> <span class='ocrx_word' id='word_1_32' title='bbox 2123 617 2304 690; x_wconf 73' lang='lat' dir='ltr'><strong>boemiam</strong></span> 
     </span>
     <span class='ocr_line' id='line_1_4' title="bbox 292 716 2305 838; baseline 0.002 -48"><span class='ocrx_word' id='word_1_33' title='bbox 292 745 297 790; x_wconf 91' lang='grc'>;</span> <span class='ocrx_word' id='word_1_34' title='bbox 347 717 566 812; x_wconf 82' lang='lat' dir='ltr'><strong>Postquam</strong></span> <span class='ocrx_word' id='word_1_35' title='bbox 597 721 782 811; x_wconf 83' lang='lat' dir='ltr'><strong>peroravit</strong></span> <span class='ocrx_word' id='word_1_36' title='bbox 812 716 1034 818; x_wconf 71' lang='lat' dir='ltr'><strong>Imperator,</strong></span> <span class='ocrx_word' id='word_1_37' title='bbox 1075 718 1261 838; x_wconf 72' lang='lat' dir='ltr'><strong>Principes</strong></span> <span class='ocrx_word' id='word_1_38' title='bbox 1312 719 1560 812; x_wconf 66' lang='lat' dir='ltr'><strong>proficiscitur.</strong></span> <span class='ocrx_word' id='word_1_39' title='bbox 1611 718 1783 812; x_wconf 73' lang='lat' dir='ltr'><strong>Egregios</strong></span> <span class='ocrx_word' id='word_1_40' title='bbox 1807 734 1927 794; x_wconf 86' lang='lat' dir='ltr'><strong>autem</strong></span> <span class='ocrx_word' id='word_1_41' title='bbox 1947 734 2099 795; x_wconf 86' lang='lat' dir='ltr'><strong>conatus</strong></span> <span class='ocrx_word' id='word_1_42' title='bbox 2116 735 2151 792; x_wconf 92' lang='lat' dir='ltr'><strong>et</strong></span> <span class='ocrx_word' id='word_1_43' title='bbox 2166 723 2305 815; x_wconf 80' lang='lat' dir='ltr'><strong>optima</strong></span> 
     </span>
     <span class='ocr_line' id='line_1_5' title="bbox 261 820 2308 919; baseline 0.001 -23"><span class='ocrx_word' id='word_1_44' title='bbox 261 822 544 919; x_wconf 72' lang='lat' dir='ltr'><strong>aliquantisper,</strong></span> <span class='ocrx_word' id='word_1_45' title='bbox 577 834 620 894; x_wconf 88' lang='lat' dir='ltr'><strong>nt</strong></span> <span class='ocrx_word' id='word_1_46' title='bbox 640 824 697 905; x_wconf 85' lang='lat' dir='ltr'><strong>fit,</strong></span> <span class='ocrx_word' id='word_1_47' title='bbox 732 820 897 892; x_wconf 88' lang='lat' dir='ltr'><strong>collocuti</strong></span> <span class='ocrx_word' id='word_1_48' title='bbox 920 833 1019 903; x_wconf 88' lang='lat' dir='ltr'><strong>sunt;</strong></span> <span class='ocrx_word' id='word_1_49' title='bbox 1053 834 1089 890; x_wconf 90' lang='lat' dir='ltr'><strong>et</strong></span> <span class='ocrx_word' id='word_1_50' title='bbox 1108 823 1193 916; x_wconf 89' lang='lat' dir='ltr'><strong>qnia</strong></span> <span class='ocrx_word' id='word_1_51' title='bbox 1219 845 1261 893; x_wconf 84' lang='lat' dir='ltr'><strong>ex</strong></span> <span class='ocrx_word' id='word_1_52' title='bbox 1312 824 1389 894; x_wconf 89' lang='lat' dir='ltr'><strong>eius</strong></span> <span class='ocrx_word' id='word_1_53' title='bbox 1410 822 1557 894; x_wconf 90' lang='lat' dir='ltr'><strong>consilia</strong></span> <span class='ocrx_word' id='word_1_54' title='bbox 1581 823 1865 896; x_wconf 75' lang='lat' dir='ltr'><strong>luctuosissimus</strong></span> <span class='ocrx_word' id='word_1_55' title='bbox 1889 826 1957 895; x_wconf 91' lang='lat' dir='ltr'><strong>toti</strong></span> <span class='ocrx_word' id='word_1_56' title='bbox 1972 825 2191 915; x_wconf 85' lang='lat' dir='ltr'><strong>reipublicae</strong></span> <span class='ocrx_word' id='word_1_57' title='bbox 2208 850 2308 898; x_wconf 87' lang='lat' dir='ltr'><strong>casus</strong></span> 
     </span>
     <span class='ocr_line' id='line_1_6' title="bbox 264 923 2406 1024; baseline 0 -24"><span class='ocrx_word' id='word_1_58' title='bbox 264 924 498 1024; x_wconf 73' lang='lat' dir='ltr'><strong>lanpesateris</strong></span> <span class='ocrx_word' id='word_1_59' title='bbox 539 925 705 996; x_wconf 87' lang='lat' dir='ltr'><strong>oratione</strong></span> <span class='ocrx_word' id='word_1_60' title='bbox 742 926 993 996; x_wconf 81' lang='lat' dir='ltr'><strong>intellexerant</strong></span> <span class='ocrx_word' id='word_1_61' title='bbox 1024 948 1099 995; x_wconf 93' lang='lat' dir='ltr'><strong>non</strong></span> <span class='ocrx_word' id='word_1_62' title='bbox 1131 925 1260 1008; x_wconf 82' lang='lat' dir='ltr'><strong>sotum.</strong></span> <span class='ocrx_word' id='word_1_63' title='bbox 1312 927 1515 996; x_wconf 74' lang='lat' dir='ltr'><strong>antevertit.</strong></span> <span class='ocrx_word' id='word_1_64' title='bbox 1574 923 1653 1018; x_wconf 90' lang='lat' dir='ltr'><strong>lpse</strong></span> <span class='ocrx_word' id='word_1_65' title='bbox 1680 927 1775 997; x_wconf 85' lang='lat' dir='ltr'><strong>enirn</strong></span> <span class='ocrx_word' id='word_1_66' title='bbox 1804 928 1979 999; x_wconf 82' lang='lat' dir='ltr'><strong>extinctus</strong></span> <span class='ocrx_word' id='word_1_67' title='bbox 2004 941 2058 1000; x_wconf 92' lang='lat' dir='ltr'><strong>est</strong></span> <span class='ocrx_word' id='word_1_68' title='bbox 2082 928 2199 1021; x_wconf 79' lang='lat' dir='ltr'><strong>pridie</strong></span> <span class='ocrx_word' id='word_1_69' title='bbox 2225 928 2307 1002; x_wconf 90' lang='lat' dir='ltr'><strong>ldus</strong></span> <span class='ocrx_word' id='word_1_70' title='bbox 2404 1015 2406 1020; x_wconf 23' lang='grc' dir='ltr'>Ι</span> 
     </span>
     <span class='ocr_line' id='line_1_7' title="bbox 261 1024 2306 1127; baseline 0.003 -28"><span class='ocrx_word' id='word_1_71' title='bbox 261 1054 376 1126; x_wconf 78' lang='lat' dir='ltr'><strong>qoam</strong></span> <span class='ocrx_word' id='word_1_72' title='bbox 398 1028 640 1102; x_wconf 81' lang='lat' dir='ltr'><strong>necessarium</strong></span> <span class='ocrx_word' id='word_1_73' title='bbox 665 1041 755 1102; x_wconf 87' lang='lat' dir='ltr'><strong>esset</strong></span> <span class='ocrx_word' id='word_1_74' title='bbox 783 1024 1028 1110; x_wconf 84' lang='lat' dir='ltr'><strong>bochellum,</strong></span> <span class='ocrx_word' id='word_1_75' title='bbox 1061 1029 1124 1098; x_wconf 90' lang='lat' dir='ltr'><strong>sed</strong></span> <span class='ocrx_word' id='word_1_76' title='bbox 1151 1028 1259 1098; x_wconf 85' lang='lat' dir='ltr'><strong>etism</strong></span> <span class='ocrx_word' id='word_1_77' title='bbox 1312 1026 1494 1100; x_wconf 80' lang='lat' dir='ltr'><strong>lanuarias</strong></span> <span class='ocrx_word' id='word_1_78' title='bbox 1508 1028 1616 1098; x_wconf 82' lang='lat' dir='ltr'><strong>Anno</strong></span> <span class='ocrx_word' id='word_1_79' title='bbox 1636 1029 1687 1102; x_wconf 88' lang='lat' dir='ltr'><strong>M.</strong></span> <span class='ocrx_word' id='word_1_80' title='bbox 1696 1030 1742 1102; x_wconf 87' lang='grc' dir='ltr'><strong>Ι).</strong></span> <span class='ocrx_word' id='word_1_81' title='bbox 1752 1028 1865 1115; x_wconf 68' lang='grc' dir='ltr'><strong>ΧΙΧ,</strong></span> <span class='ocrx_word' id='word_1_82' title='bbox 1898 1056 1990 1102; x_wconf 87' lang='lat' dir='ltr'><strong>cum</strong></span> <span class='ocrx_word' id='word_1_83' title='bbox 2004 1032 2148 1127; x_wconf 88' lang='lat' dir='ltr'><strong>quidem</strong></span> <span class='ocrx_word' id='word_1_84' title='bbox 2172 1057 2306 1125; x_wconf 90' lang='lat' dir='ltr'><strong>paucos</strong></span> 
     </span>
     <span class='ocr_line' id='line_1_8' title="bbox 263 1130 2304 1229; baseline 0.001 -23"><span class='ocrx_word' id='word_1_85' title='bbox 263 1158 405 1229; x_wconf 85' lang='lat' dir='ltr'><strong>quae</strong></span> <span class='ocrx_word' id='word_1_86' title='bbox 378 1134 504 1206; x_wconf 76' lang='lat' dir='ltr'><strong>sutura</strong></span> <span class='ocrx_word' id='word_1_87' title='bbox 532 1144 653 1206; x_wconf 75' lang='lat' dir='ltr'><strong>essent</strong></span> <span class='ocrx_word' id='word_1_88' title='bbox 676 1131 827 1216; x_wconf 81' lang='lat' dir='ltr'><strong>auxilia,</strong></span> <span class='ocrx_word' id='word_1_89' title='bbox 868 1154 950 1207; x_wconf 80' lang='lat' dir='ltr'><strong>curo</strong></span> <span class='ocrx_word' id='word_1_90' title='bbox 974 1130 1109 1206; x_wconf 88' lang='lat' dir='ltr'><strong>scirent</strong></span> <span class='ocrx_word' id='word_1_91' title='bbox 1132 1156 1169 1203; x_wconf 89' lang='lat' dir='ltr'><strong>se</strong></span> <span class='ocrx_word' id='word_1_92' title='bbox 1194 1154 1260 1201; x_wconf 91' lang='lat' dir='ltr'><strong>nec</strong></span> <span class='ocrx_word' id='word_1_93' title='bbox 1312 1132 1389 1203; x_wconf 86' lang='lat' dir='ltr'><strong>dies</strong></span> <span class='ocrx_word' id='word_1_94' title='bbox 1408 1131 1579 1202; x_wconf 75' lang='lat' dir='ltr'><strong>febricula</strong></span> <span class='ocrx_word' id='word_1_95' title='bbox 1605 1146 1642 1202; x_wconf 93' lang='lat' dir='ltr'><strong>et</strong></span> <span class='ocrx_word' id='word_1_96' title='bbox 1664 1134 1733 1204; x_wconf 81' lang='lat' dir='ltr'><strong>cita</strong></span> <span class='ocrx_word' id='word_1_97' title='bbox 1756 1136 1838 1204; x_wconf 88' lang='lat' dir='ltr'><strong>alvo</strong></span> <span class='ocrx_word' id='word_1_98' title='bbox 1864 1136 2072 1207; x_wconf 77' lang='lat' dir='ltr'><strong>laborasset.</strong></span> <span class='ocrx_word' id='word_1_99' title='bbox 2123 1134 2229 1205; x_wconf 79' lang='lat' dir='ltr'><strong>Extat</strong></span> <span class='ocrx_word' id='word_1_100' title='bbox 2245 1161 2304 1228; x_wconf 83' lang='lat' dir='ltr'><strong>ge·</strong></span> 
     </span>
     <span class='ocr_line' id='line_1_9' title="bbox 262 1234 2307 1332; baseline -0.002 -18"><span class='ocrx_word' id='word_1_101' title='bbox 262 1236 451 1314; x_wconf 66' lang='lat' dir='ltr'><strong>minutii</strong></span> <span class='ocrx_word' id='word_1_102' title='bbox 473 1236 600 1328; x_wconf 73' lang='lat' dir='ltr'><strong>saluti,</strong></span> <span class='ocrx_word' id='word_1_103' title='bbox 626 1260 692 1306; x_wconf 84' lang='lat' dir='ltr'><strong>nec</strong></span> <span class='ocrx_word' id='word_1_104' title='bbox 708 1234 836 1308; x_wconf 90' lang='lat' dir='ltr'><strong>studiis</strong></span> <span class='ocrx_word' id='word_1_105' title='bbox 852 1234 1003 1304; x_wconf 85' lang='lat' dir='ltr'><strong>aliarum</strong></span> <span class='ocrx_word' id='word_1_106' title='bbox 1023 1234 1183 1332; x_wconf 87' lang='lat' dir='ltr'><strong>gentium</strong></span> <span class='ocrx_word' id='word_1_107' title='bbox 1199 1235 1260 1304; x_wconf 92' lang='lat' dir='ltr'><strong>de·</strong></span> <span class='ocrx_word' id='word_1_108' title='bbox 1310 1234 1406 1307; x_wconf 89' lang='lat' dir='ltr'><strong>nesis</strong></span> <span class='ocrx_word' id='word_1_109' title='bbox 1422 1234 1682 1320; x_wconf 78' lang='lat' dir='ltr'><strong>Maximiliani,</strong></span> <span class='ocrx_word' id='word_1_110' title='bbox 1717 1262 1827 1331; x_wconf 91' lang='lat' dir='ltr'><strong>quam</strong></span> <span class='ocrx_word' id='word_1_111' title='bbox 1851 1234 1936 1309; x_wconf 92' lang='lat' dir='ltr'><strong>huic</strong></span> <span class='ocrx_word' id='word_1_112' title='bbox 1957 1235 2159 1309; x_wconf 79' lang='lat' dir='ltr'><strong>historiae</strong></span> <span class='ocrx_word' id='word_1_113' title='bbox 2146 1264 2307 1310; x_wconf 79' lang='lat' dir='ltr'><strong>inseren-</strong></span> 
     </span>
     <span class='ocr_line' id='line_1_10' title="bbox 266 1333 2306 1435; baseline 0.001 -24"><span class='ocrx_word' id='word_1_114' title='bbox 266 1365 342 1411; x_wconf 88' lang='lat' dir='ltr'><strong>esse</strong></span> <span class='ocrx_word' id='word_1_115' title='bbox 375 1340 523 1409; x_wconf 79' lang='lat' dir='ltr'><strong>debere‘:</strong></span> <span class='ocrx_word' id='word_1_116' title='bbox 564 1340 652 1406; x_wconf 89' lang='lat' dir='ltr'><strong>dant</strong></span> <span class='ocrx_word' id='word_1_117' title='bbox 682 1338 867 1428; x_wconf 78' lang='lat' dir='ltr'><strong>negotium</strong></span> <span class='ocrx_word' id='word_1_118' title='bbox 897 1335 1045 1407; x_wconf 79' lang='lat' dir='ltr'><strong>Alberto</strong></span> <span class='ocrx_word' id='word_1_119' title='bbox 1073 1333 1260 1429; x_wconf 76' lang='lat' dir='ltr'><strong>Arcltiepi·</strong></span> <span class='ocrx_word' id='word_1_120' title='bbox 1312 1341 1395 1407; x_wconf 89' lang='lat' dir='ltr'><strong>dam</strong></span> <span class='ocrx_word' id='word_1_121' title='bbox 1413 1338 1517 1408; x_wconf 84' lang='lat' dir='ltr'><strong>duxi:</strong></span> <span class='ocrx_word' id='word_1_122' title='bbox 1545 1340 1642 1432; x_wconf 93' lang='lat' dir='ltr'><strong>quod</strong></span> <span class='ocrx_word' id='word_1_123' title='bbox 1660 1340 1804 1433; x_wconf 88' lang='lat' dir='ltr'><strong>quidem</strong></span> <span class='ocrx_word' id='word_1_124' title='bbox 1821 1363 1897 1412; x_wconf 91' lang='lat' dir='ltr'><strong>non</strong></span> <span class='ocrx_word' id='word_1_125' title='bbox 1911 1343 2003 1412; x_wconf 84' lang='lat' dir='ltr'><strong>facio</strong></span> <span class='ocrx_word' id='word_1_126' title='bbox 2017 1366 2115 1412; x_wconf 83' lang='lat' dir='ltr'><strong>novo</strong></span> <span class='ocrx_word' id='word_1_127' title='bbox 2132 1343 2306 1435; x_wconf 79' lang='lat' dir='ltr'><strong>exemplo.</strong></span> 
     </span>
     <span class='ocr_line' id='line_1_11' title="bbox 266 1437 2303 1540; baseline 0 -27"><span class='ocrx_word' id='word_1_128' title='bbox 266 1467 375 1535; x_wconf 90' lang='lat' dir='ltr'><strong>scopo</strong></span> <span class='ocrx_word' id='word_1_129' title='bbox 392 1440 628 1533; x_wconf 88' lang='lat' dir='ltr'><strong>Mogontino,</strong></span> <span class='ocrx_word' id='word_1_130' title='bbox 655 1440 817 1533; x_wconf 92' lang='lat' dir='ltr'><strong>Principi</strong></span> <span class='ocrx_word' id='word_1_131' title='bbox 837 1439 1015 1540; x_wconf 81' lang='lat' dir='ltr'><strong>Electori,</strong></span> <span class='ocrx_word' id='word_1_132' title='bbox 1048 1453 1088 1511; x_wconf 92' lang='lat' dir='ltr'><strong>nt</strong></span> <span class='ocrx_word' id='word_1_133' title='bbox 1104 1443 1148 1510; x_wconf 92' lang='lat' dir='ltr'><strong>de</strong></span> <span class='ocrx_word' id='word_1_134' title='bbox 1164 1440 1258 1509; x_wconf 90' lang='lat' dir='ltr'><strong>bello</strong></span> <span class='ocrx_word' id='word_1_135' title='bbox 1312 1441 1405 1512; x_wconf 87' lang='lat' dir='ltr'><strong>Nam</strong></span> <span class='ocrx_word' id='word_1_136' title='bbox 1439 1454 1474 1509; x_wconf 93' lang='lat' dir='ltr'><strong>et</strong></span> <span class='ocrx_word' id='word_1_137' title='bbox 1496 1437 1711 1513; x_wconf 84' lang='lat' dir='ltr'><strong>Plutarchus</strong></span> <span class='ocrx_word' id='word_1_138' title='bbox 1737 1443 1885 1513; x_wconf 84' lang='lat' dir='ltr'><strong>Romuli</strong></span> <span class='ocrx_word' id='word_1_139' title='bbox 1918 1446 2062 1536; x_wconf 84' lang='lat' dir='ltr'><strong>genesin</strong></span> <span class='ocrx_word' id='word_1_140' title='bbox 2093 1444 2303 1540; x_wconf 84' lang='lat' dir='ltr'><strong>inquisitam</strong></span> 
     </span>
     <span class='ocr_line' id='line_1_12' title="bbox 265 1541 2305 1640; baseline 0.002 -27"><span class='ocrx_word' id='word_1_141' title='bbox 265 1547 487 1615; x_wconf 69' lang='lat' dir='ltr'><strong>voluntatem</strong></span> <span class='ocrx_word' id='word_1_142' title='bbox 510 1543 672 1636; x_wconf 90' lang='lat' dir='ltr'><strong>ipsorum</strong></span> <span class='ocrx_word' id='word_1_143' title='bbox 693 1544 839 1615; x_wconf 87' lang='lat' dir='ltr'><strong>Caesari</strong></span> <span class='ocrx_word' id='word_1_144' title='bbox 863 1541 1076 1637; x_wconf 68' lang='lat' dir='ltr'><strong>erboneret:</strong></span> <span class='ocrx_word' id='word_1_145' title='bbox 1119 1568 1156 1615; x_wconf 90' lang='lat' dir='ltr'><strong>se</strong></span> <span class='ocrx_word' id='word_1_146' title='bbox 1178 1542 1258 1614; x_wconf 91' lang='lat' dir='ltr'><strong>Deo</strong></span> <span class='ocrx_word' id='word_1_147' title='bbox 1312 1569 1386 1616; x_wconf 90' lang='lat' dir='ltr'><strong>esse</strong></span> <span class='ocrx_word' id='word_1_148' title='bbox 1405 1544 1549 1626; x_wconf 85' lang='lat' dir='ltr'><strong>scribit,</strong></span> <span class='ocrx_word' id='word_1_149' title='bbox 1575 1554 1611 1613; x_wconf 92' lang='lat' dir='ltr'><strong>et</strong></span> <span class='ocrx_word' id='word_1_150' title='bbox 1625 1544 1818 1617; x_wconf 85' lang='lat' dir='ltr'><strong>Suetonius</strong></span> <span class='ocrx_word' id='word_1_151' title='bbox 1838 1550 2019 1640; x_wconf 84' lang='lat' dir='ltr'><strong>quaedam</strong></span> <span class='ocrx_word' id='word_1_152' title='bbox 2044 1558 2305 1619; x_wconf 70' lang='lat' dir='ltr'><strong>conmemorat</strong></span> 
     </span>
     <span class='ocr_line' id='line_1_13' title="bbox 265 1642 1675 1768; baseline 0.001 -51"><span class='ocrx_word' id='word_1_153' title='bbox 265 1648 397 1739; x_wconf 82' lang='lat' dir='ltr'><strong>gratias</strong></span> <span class='ocrx_word' id='word_1_154' title='bbox 419 1669 545 1738; x_wconf 90' lang='lat' dir='ltr'><strong>agere,</strong></span> <span class='ocrx_word' id='word_1_155' title='bbox 572 1648 671 1768; x_wconf 88' lang='lat' dir='ltr'><strong>quod</strong></span> <span class='ocrx_word' id='word_1_156' title='bbox 696 1667 784 1741; x_wconf 84' lang='lat' dir='ltr'><strong>pace</strong></span> <span class='ocrx_word' id='word_1_157' title='bbox 808 1647 903 1715; x_wconf 93' lang='lat' dir='ltr'><strong>inter</strong></span> <span class='ocrx_word' id='word_1_158' title='bbox 925 1642 1120 1716; x_wconf 80' lang='lat' dir='ltr'><strong>Christiani</strong></span> <span class='ocrx_word' id='word_1_159' title='bbox 1142 1645 1259 1715; x_wconf 91' lang='lat' dir='ltr'><strong>nomi·</strong></span> <span class='ocrx_word' id='word_1_160' title='bbox 1311 1652 1356 1717; x_wconf 91' lang='lat' dir='ltr'><strong>de</strong></span> <span class='ocrx_word' id='word_1_161' title='bbox 1376 1646 1495 1738; x_wconf 86' lang='lat' dir='ltr'><strong>genesi</strong></span> <span class='ocrx_word' id='word_1_162' title='bbox 1511 1646 1675 1737; x_wconf 78' lang='lat' dir='ltr'><strong>angusti.</strong></span> 
     </span>
     <span class='ocr_line' id='line_1_14' title="bbox 262 1745 2306 1843; baseline 0.002 -23"><span class='ocrx_word' id='word_1_163' title='bbox 262 1751 321 1820; x_wconf 79' lang='lat' dir='ltr'><strong>nts</strong></span> <span class='ocrx_word' id='word_1_164' title='bbox 329 1747 452 1841; x_wconf 81' lang='lat' dir='ltr'><strong>Reges</strong></span> <span class='ocrx_word' id='word_1_165' title='bbox 475 1750 689 1833; x_wconf 87' lang='lat' dir='ltr'><strong>constituta,</strong></span> <span class='ocrx_word' id='word_1_166' title='bbox 723 1748 869 1819; x_wconf 88' lang='lat' dir='ltr'><strong>tandem</strong></span> <span class='ocrx_word' id='word_1_167' title='bbox 892 1745 1110 1820; x_wconf 89' lang='lat' dir='ltr'><strong>bochellum</strong></span> <span class='ocrx_word' id='word_1_168' title='bbox 1128 1747 1258 1842; x_wconf 83' lang='lat' dir='ltr'><strong>suscipi</strong></span> <span class='ocrx_word' id='word_1_169' title='bbox 1415 1749 1484 1821; x_wconf 85' lang='lat' dir='ltr'><strong>Sed</strong></span> <span class='ocrx_word' id='word_1_170' title='bbox 1513 1751 1610 1843; x_wconf 86' lang='lat' dir='ltr'><strong>quod</strong></span> <span class='ocrx_word' id='word_1_171' title='bbox 1641 1751 1782 1819; x_wconf 85' lang='lat' dir='ltr'><strong>rariora</strong></span> <span class='ocrx_word' id='word_1_172' title='bbox 1810 1763 1932 1821; x_wconf 80' lang='lat' dir='ltr'><strong>extant</strong></span> <span class='ocrx_word' id='word_1_173' title='bbox 1954 1753 1992 1820; x_wconf 93' lang='lat' dir='ltr'><strong>in</strong></span> <span class='ocrx_word' id='word_1_174' title='bbox 2017 1748 2177 1824; x_wconf 89' lang='lat' dir='ltr'><strong>historiis</strong></span> <span class='ocrx_word' id='word_1_175' title='bbox 2199 1749 2306 1824; x_wconf 90' lang='lat' dir='ltr'><strong>huius</strong></span> 
     </span>
     <span class='ocr_line' id='line_1_15' title="bbox 264 1843 2305 1973; baseline 0 -49"><span class='ocrx_word' id='word_1_176' title='bbox 264 1859 407 1956; x_wconf 88' lang='lat' dir='ltr'><strong>poss&#39;et,</strong></span> <span class='ocrx_word' id='word_1_177' title='bbox 431 1876 472 1926; x_wconf 90' lang='lat' dir='ltr'><strong>ac</strong></span> <span class='ocrx_word' id='word_1_178' title='bbox 491 1851 644 1923; x_wconf 84' lang='lat' dir='ltr'><strong>libenter</strong></span> <span class='ocrx_word' id='word_1_179' title='bbox 666 1875 702 1923; x_wconf 88' lang='lat' dir='ltr'><strong>se</strong></span> <span class='ocrx_word' id='word_1_180' title='bbox 718 1861 889 1923; x_wconf 88' lang='lat' dir='ltr'><strong>venturos</strong></span> <span class='ocrx_word' id='word_1_181' title='bbox 906 1876 980 1923; x_wconf 89' lang='lat' dir='ltr'><strong>esse</strong></span> <span class='ocrx_word' id='word_1_182' title='bbox 996 1851 1034 1920; x_wconf 93' lang='lat' dir='ltr'><strong>in</strong></span> <span class='ocrx_word' id='word_1_183' title='bbox 1051 1843 1256 1924; x_wconf 81' lang='lat' dir='ltr'><strong>societatem</strong></span> <span class='ocrx_word' id='word_1_184' title='bbox 1311 1853 1363 1925; x_wconf 93' lang='lat' dir='ltr'><strong>rei</strong></span> <span class='ocrx_word' id='word_1_185' title='bbox 1388 1853 1569 1971; x_wconf 84' lang='lat' dir='ltr'><strong>exempla,</strong></span> <span class='ocrx_word' id='word_1_186' title='bbox 1595 1855 1728 1944; x_wconf 88' lang='lat' dir='ltr'><strong>partim</strong></span> <span class='ocrx_word' id='word_1_187' title='bbox 1749 1855 1965 1973; x_wconf 82' lang='lat' dir='ltr'><strong>scriptorum</strong></span> <span class='ocrx_word' id='word_1_188' title='bbox 1987 1855 2127 1925; x_wconf 87' lang='lat' dir='ltr'><strong>inscitia</strong></span> <span class='ocrx_word' id='word_1_189' title='bbox 2145 1856 2184 1923; x_wconf 90' lang='lat' dir='ltr'><strong>in</strong></span> <span class='ocrx_word' id='word_1_190' title='bbox 2199 1878 2305 1925; x_wconf 82' lang='lat' dir='ltr'><strong>eausa</strong></span> 
     </span>
     <span class='ocr_line' id='line_1_16' title="bbox 264 1945 2308 2061; baseline 0.002 -37"><span class='ocrx_word' id='word_1_191' title='bbox 264 1951 343 2025; x_wconf 66' lang='lat' dir='ltr'><strong>tarn</strong></span> <span class='ocrx_word' id='word_1_192' title='bbox 372 1951 519 2047; x_wconf 75' lang='lat' dir='ltr'><strong>gloriosi</strong></span> <span class='ocrx_word' id='word_1_193' title='bbox 549 1969 584 2025; x_wconf 93' lang='lat' dir='ltr'><strong>et</strong></span> <span class='ocrx_word' id='word_1_194' title='bbox 605 1979 657 2048; x_wconf 88' lang='lat' dir='ltr'><strong>pn</strong></span> <span class='ocrx_word' id='word_1_195' title='bbox 634 1945 785 2041; x_wconf 81' lang='lat' dir='ltr'><strong>“betti‚</strong></span> <span class='ocrx_word' id='word_1_196' title='bbox 820 1977 1016 2051; x_wconf 90' lang='lat' dir='ltr'><strong>omnesque</strong></span> <span class='ocrx_word' id='word_1_197' title='bbox 1041 1981 1126 2049; x_wconf 90' lang='lat' dir='ltr'><strong>opes</strong></span> <span class='ocrx_word' id='word_1_198' title='bbox 1149 1969 1184 2026; x_wconf 93' lang='lat' dir='ltr'><strong>et</strong></span> <span class='ocrx_word' id='word_1_199' title='bbox 1208 1955 1259 2024; x_wconf 90' lang='lat' dir='ltr'><strong>vi·</strong></span> <span class='ocrx_word' id='word_1_200' title='bbox 1311 1968 1380 2034; x_wconf 87' lang='lat' dir='ltr'><strong>est;</strong></span> <span class='ocrx_word' id='word_1_201' title='bbox 1412 1956 1576 2061; x_wconf 82' lang='lat' dir='ltr'><strong>partim</strong></span> <span class='ocrx_word' id='word_1_202' title='bbox 1571 1979 1614 2024; x_wconf 94' lang='lat' dir='ltr'><strong>eo</strong></span> <span class='ocrx_word' id='word_1_203' title='bbox 1640 1956 1789 2039; x_wconf 91' lang='lat' dir='ltr'><strong>accidit,</strong></span> <span class='ocrx_word' id='word_1_204' title='bbox 1824 1958 1908 2050; x_wconf 86' lang='lat' dir='ltr'><strong>quia</strong></span> <span class='ocrx_word' id='word_1_205' title='bbox 1934 1959 1990 2027; x_wconf 80' lang='lat' dir='ltr'><strong>vel</strong></span> <span class='ocrx_word' id='word_1_206' title='bbox 2013 1982 2089 2028; x_wconf 90' lang='lat' dir='ltr'><strong>non</strong></span> <span class='ocrx_word' id='word_1_207' title='bbox 2113 1959 2308 2028; x_wconf 84' lang='lat' dir='ltr'><strong>extiterunt</strong></span> 
     </span>
     <span class='ocr_line' id='line_1_17' title="bbox 265 2058 2306 2150; baseline 0.002 -23"><span class='ocrx_word' id='word_1_208' title='bbox 265 2082 322 2129; x_wconf 87' lang='lat' dir='ltr'><strong>res</strong></span> <span class='ocrx_word' id='word_1_209' title='bbox 351 2081 444 2128; x_wconf 89' lang='lat' dir='ltr'><strong>suas</strong></span> <span class='ocrx_word' id='word_1_210' title='bbox 458 2059 506 2127; x_wconf 83' lang='lat' dir='ltr'><strong>ad</strong></span> <span class='ocrx_word' id='word_1_211' title='bbox 531 2077 759 2129; x_wconf 87' lang='lat' dir='ltr'><strong>communem</strong></span> <span class='ocrx_word' id='word_1_212' title='bbox 786 2059 1028 2131; x_wconf 79' lang='lat' dir='ltr'><strong>defensionem</strong></span> <span class='ocrx_word' id='word_1_213' title='bbox 1054 2058 1258 2130; x_wconf 88' lang='lat' dir='ltr'><strong>collaturos.</strong></span> <span class='ocrx_word' id='word_1_214' title='bbox 1312 2060 1525 2150; x_wconf 87' lang='lat' dir='ltr'><strong>descriptae</strong></span> <span class='ocrx_word' id='word_1_215' title='bbox 1523 2082 1677 2149; x_wconf 83' lang='lat' dir='ltr'><strong>geneses</strong></span> <span class='ocrx_word' id='word_1_216' title='bbox 1696 2061 1877 2131; x_wconf 88' lang='lat' dir='ltr'><strong>clarorum</strong></span> <span class='ocrx_word' id='word_1_217' title='bbox 1904 2061 2087 2145; x_wconf 88' lang='lat' dir='ltr'><strong>virorum,</strong></span> <span class='ocrx_word' id='word_1_218' title='bbox 2119 2062 2175 2130; x_wconf 80' lang='lat' dir='ltr'><strong>vel</strong></span> <span class='ocrx_word' id='word_1_219' title='bbox 2199 2084 2306 2132; x_wconf 77' lang='lat' dir='ltr'><strong>amu</strong></span> 
     </span>
     <span class='ocr_line' id='line_1_18' title="bbox 264 2159 2305 2255; baseline 0.002 -25"><span class='ocrx_word' id='word_1_220' title='bbox 264 2159 391 2255; x_wconf 78' lang='lat' dir='ltr'><strong>Quare</strong></span> <span class='ocrx_word' id='word_1_221' title='bbox 410 2160 530 2231; x_wconf 82' lang='lat' dir='ltr'><strong>statim</strong></span> <span class='ocrx_word' id='word_1_222' title='bbox 554 2160 646 2231; x_wconf 85' lang='lat' dir='ltr'><strong>velle</strong></span> <span class='ocrx_word' id='word_1_223' title='bbox 668 2187 705 2233; x_wconf 88' lang='lat' dir='ltr'><strong>se</strong></span> <span class='ocrx_word' id='word_1_224' title='bbox 729 2159 1023 2232; x_wconf 81' lang='lat' dir='ltr'><strong>deliberationem</strong></span> <span class='ocrx_word' id='word_1_225' title='bbox 1043 2166 1088 2233; x_wconf 93' lang='lat' dir='ltr'><strong>de</strong></span> <span class='ocrx_word' id='word_1_226' title='bbox 1102 2161 1258 2232; x_wconf 90' lang='lat' dir='ltr'><strong>formula</strong></span> <span class='ocrx_word' id='word_1_227' title='bbox 1311 2188 1370 2234; x_wconf 91' lang='lat' dir='ltr'><strong>sae</strong></span> <span class='ocrx_word' id='word_1_228' title='bbox 1397 2163 1543 2234; x_wconf 88' lang='lat' dir='ltr'><strong>fuerunt</strong></span> <span class='ocrx_word' id='word_1_229' title='bbox 1567 2174 1672 2245; x_wconf 91' lang='lat' dir='ltr'><strong>tunc,</strong></span> <span class='ocrx_word' id='word_1_230' title='bbox 1707 2188 1787 2246; x_wconf 83' lang='lat' dir='ltr'><strong>cunr</strong></span> <span class='ocrx_word' id='word_1_231' title='bbox 1812 2188 1868 2234; x_wconf 91' lang='lat' dir='ltr'><strong>res</strong></span> <span class='ocrx_word' id='word_1_232' title='bbox 1888 2188 2013 2235; x_wconf 90' lang='lat' dir='ltr'><strong>eorum</strong></span> <span class='ocrx_word' id='word_1_233' title='bbox 2045 2166 2305 2236; x_wconf 84' lang='lat' dir='ltr'><strong>mandarentur</strong></span> 
     </span>
     <span class='ocr_line' id='line_1_19' title="bbox 264 2259 2306 2361; baseline 0.002 -29"><span class='ocrx_word' id='word_1_234' title='bbox 264 2264 471 2347; x_wconf 84' lang='lat' dir='ltr'><strong>instituere,</strong></span> <span class='ocrx_word' id='word_1_235' title='bbox 491 2279 542 2333; x_wconf 81' lang='lat' dir='ltr'><strong>&#39;et</strong></span> <span class='ocrx_word' id='word_1_236' title='bbox 575 2259 705 2360; x_wconf 90' lang='lat' dir='ltr'><strong>quid&#39;</strong></span> <span class='ocrx_word' id='word_1_237' title='bbox 695 2266 781 2357; x_wconf 79' lang='lat' dir='ltr'><strong>ipsis</strong></span> <span class='ocrx_word' id='word_1_238' title='bbox 810 2265 1012 2349; x_wconf 90' lang='lat' dir='ltr'><strong>videretur,</strong></span> <span class='ocrx_word' id='word_1_239' title='bbox 1044 2263 1259 2358; x_wconf 89' lang='lat' dir='ltr'><strong>Imperatori</strong></span> <span class='ocrx_word' id='word_1_240' title='bbox 1311 2266 1436 2336; x_wconf 88' lang='lat' dir='ltr'><strong>literis.</strong></span> <span class='ocrx_word' id='word_1_241' title='bbox 1489 2264 1649 2357; x_wconf 76' lang='lat' dir='ltr'><strong>Quodsi</strong></span> <span class='ocrx_word' id='word_1_242' title='bbox 1675 2267 1840 2356; x_wconf 82' lang='lat' dir='ltr'><strong>prodigia</strong></span> <span class='ocrx_word' id='word_1_243' title='bbox 1858 2280 1894 2336; x_wconf 92' lang='lat' dir='ltr'><strong>et</strong></span> <span class='ocrx_word' id='word_1_244' title='bbox 1908 2279 2048 2337; x_wconf 89' lang='lat' dir='ltr'><strong>caetera</strong></span> <span class='ocrx_word' id='word_1_245' title='bbox 2065 2267 2189 2360; x_wconf 80' lang='lat' dir='ltr'><strong>signo,</strong></span> <span class='ocrx_word' id='word_1_246' title='bbox 2212 2291 2306 2361; x_wconf 87' lang='lat' dir='ltr'><strong>quae</strong></span> 
     </span>
     <span class='ocr_line' id='line_1_20' title="bbox 264 2368 2305 2462; baseline -0 -24"><span class='ocrx_word' id='word_1_247' title='bbox 264 2368 446 2450; x_wconf 79' lang='lat' dir='ltr'><strong>indicare,</strong></span> <span class='ocrx_word' id='word_1_248' title='bbox 485 2379 527 2437; x_wconf 93' lang='lat' dir='ltr'><strong>ut</strong></span> <span class='ocrx_word' id='word_1_249' title='bbox 567 2391 676 2461; x_wconf 92' lang='lat' dir='ltr'><strong>qnam</strong></span> <span class='ocrx_word' id='word_1_250' title='bbox 711 2368 870 2460; x_wconf 73' lang='lat' dir='ltr'><strong>primm</strong></span> <span class='ocrx_word' id='word_1_251' title='bbox 902 2369 1095 2438; x_wconf 89' lang='lat' dir='ltr'><strong>convenire</strong></span> <span class='ocrx_word' id='word_1_252' title='bbox 1128 2379 1259 2459; x_wconf 90' lang='lat' dir='ltr'><strong>posset.</strong></span> <span class='ocrx_word' id='word_1_253' title='bbox 1311 2368 1539 2438; x_wconf 87' lang='lat' dir='ltr'><strong>nascentibus</strong></span> <span class='ocrx_word' id='word_1_254' title='bbox 1569 2368 1711 2457; x_wconf 89' lang='lat' dir='ltr'><strong>regibus</strong></span> <span class='ocrx_word' id='word_1_255' title='bbox 1741 2381 1804 2439; x_wconf 89' lang='lat' dir='ltr'><strong>aut</strong></span> <span class='ocrx_word' id='word_1_256' title='bbox 1831 2370 2096 2462; x_wconf 87' lang='lat' dir='ltr'><strong>praestantibus</strong></span> <span class='ocrx_word' id='word_1_257' title='bbox 2118 2369 2204 2441; x_wconf 85' lang='lat' dir='ltr'><strong>viris</strong></span> <span class='ocrx_word' id='word_1_258' title='bbox 2227 2396 2305 2438; x_wconf 74' lang='lat' dir='ltr'><strong>msi-</strong></span> 
     </span>
     <span class='ocr_line' id='line_1_21' title="bbox 262 2463 2306 2564; baseline 0 -22"><span class='ocrx_word' id='word_1_259' title='bbox 262 2469 444 2546; x_wconf 75' lang='lat' dir='ltr'><strong>F-ormula-</strong></span> <span class='ocrx_word' id='word_1_260' title='bbox 467 2470 793 2560; x_wconf 88' lang='lat' dir='ltr'><strong>complectebatur,</strong></span> <span class='ocrx_word' id='word_1_261' title='bbox 828 2482 1002 2563; x_wconf 87' lang='lat' dir='ltr'><strong>quantum</strong></span> <span class='ocrx_word' id='word_1_262' title='bbox 1036 2470 1196 2564; x_wconf 88' lang='lat' dir='ltr'><strong>equitum</strong></span> <span class='ocrx_word' id='word_1_263' title='bbox 1224 2482 1260 2538; x_wconf 86' lang='lat' dir='ltr'><strong>et</strong></span> <span class='ocrx_word' id='word_1_264' title='bbox 1312 2463 1401 2561; x_wconf 70' lang='lat' dir='ltr'><strong>gnae</strong></span> <span class='ocrx_word' id='word_1_265' title='bbox 1429 2469 1633 2551; x_wconf 82' lang='lat' dir='ltr'><strong>felicitates,</strong></span> <span class='ocrx_word' id='word_1_266' title='bbox 1675 2483 1738 2539; x_wconf 89' lang='lat' dir='ltr'><strong>aut</strong></span> <span class='ocrx_word' id='word_1_267' title='bbox 1767 2471 1887 2541; x_wconf 88' lang='lat' dir='ltr'><strong>varios</strong></span> <span class='ocrx_word' id='word_1_268' title='bbox 1912 2496 2013 2541; x_wconf 88' lang='lat' dir='ltr'><strong>casus</strong></span> <span class='ocrx_word' id='word_1_269' title='bbox 2033 2474 2306 2554; x_wconf 81' lang='lat' dir='ltr'><strong>denuntiarunt,</strong></span> 
     </span>
     <span class='ocr_line' id='line_1_22' title="bbox 264 2571 2304 2664; baseline 0 -22"><span class='ocrx_word' id='word_1_270' title='bbox 264 2573 426 2664; x_wconf 75' lang='lat' dir='ltr'><strong>pediturn</strong></span> <span class='ocrx_word' id='word_1_271' title='bbox 454 2571 586 2662; x_wconf 85' lang='lat' dir='ltr'><strong>singuli</strong></span> <span class='ocrx_word' id='word_1_272' title='bbox 600 2572 841 2664; x_wconf 76' lang='lat' dir='ltr'><strong>Principeset</strong></span> <span class='ocrx_word' id='word_1_273' title='bbox 858 2572 984 2663; x_wconf 87' lang='lat' dir='ltr'><strong>populi</strong></span> <span class='ocrx_word' id='word_1_274' title='bbox 998 2573 1140 2643; x_wconf 88' lang='lat' dir='ltr'><strong>mittere</strong></span> <span class='ocrx_word' id='word_1_275' title='bbox 1154 2572 1260 2642; x_wconf 83' lang='lat' dir='ltr'><strong>debe·</strong></span> <span class='ocrx_word' id='word_1_276' title='bbox 1312 2573 1399 2643; x_wconf 91' lang='lat' dir='ltr'><strong>boni</strong></span> <span class='ocrx_word' id='word_1_277' title='bbox 1429 2572 1620 2663; x_wconf 84' lang='lat' dir='ltr'><strong>scriptores</strong></span> <span class='ocrx_word' id='word_1_278' title='bbox 1650 2573 1835 2642; x_wconf 85' lang='lat' dir='ltr'><strong>recitanda</strong></span> <span class='ocrx_word' id='word_1_279' title='bbox 1857 2597 1933 2643; x_wconf 90' lang='lat' dir='ltr'><strong>esse</strong></span> <span class='ocrx_word' id='word_1_280' title='bbox 1957 2575 2155 2657; x_wconf 83' lang='lat' dir='ltr'><strong>duxerunt,</strong></span> <span class='ocrx_word' id='word_1_281' title='bbox 2189 2576 2304 2644; x_wconf 82' lang='lat' dir='ltr'><strong>multo</strong></span> 
     </span>
     <span class='ocr_line' id='line_1_23' title="bbox 265 2669 2305 2767; baseline 0.002 -26"><span class='ocrx_word' id='word_1_282' title='bbox 265 2686 360 2746; x_wconf 70' lang='lat' dir='ltr'><strong>riost.</strong></span> <span class='ocrx_word' id='word_1_283' title='bbox 400 2669 535 2750; x_wconf 86' lang='lat' dir='ltr'><strong>.ln.hac</strong></span> <span class='ocrx_word' id='word_1_284' title='bbox 550 2686 653 2765; x_wconf 79' lang='lat' dir='ltr'><strong>parte</strong></span> <span class='ocrx_word' id='word_1_285' title='bbox 665 2670 759 2744; x_wconf 87' lang='lat' dir='ltr'><strong>nihil</strong></span> <span class='ocrx_word' id='word_1_286' title='bbox 775 2687 952 2746; x_wconf 82' lang='lat' dir='ltr'><strong>mutatum</strong></span> <span class='ocrx_word' id='word_1_287' title='bbox 970 2687 1034 2746; x_wconf 86' lang='lat' dir='ltr'><strong>est.</strong></span> <span class='ocrx_word' id='word_1_288' title='bbox 1084 2675 1177 2747; x_wconf 83' lang='lat' dir='ltr'><strong>Nem</strong></span> <span class='ocrx_word' id='word_1_289' title='bbox 1194 2673 1260 2744; x_wconf 82' lang='lat' dir='ltr'><strong>rni-</strong></span> <span class='ocrx_word' id='word_1_290' title='bbox 1312 2675 1428 2767; x_wconf 83' lang='lat' dir='ltr'><strong>magis</strong></span> <span class='ocrx_word' id='word_1_291' title='bbox 1455 2675 1624 2745; x_wconf 89' lang='lat' dir='ltr'><strong>coelestes</strong></span> <span class='ocrx_word' id='word_1_292' title='bbox 1657 2676 1934 2766; x_wconf 81' lang='lat' dir='ltr'><strong>significationes</strong></span> <span class='ocrx_word' id='word_1_293' title='bbox 1966 2679 2305 2747; x_wconf 82' lang='lat' dir='ltr'><strong>commemorandae</strong></span> 
     </span>
     <span class='ocr_line' id='line_1_24' title="bbox 264 2771 2152 2876; baseline 0.002 -29"><span class='ocrx_word' id='word_1_294' title='bbox 264 2777 382 2852; x_wconf 84' lang='lat' dir='ltr'><strong>litiatn</strong></span> <span class='ocrx_word' id='word_1_295' title='bbox 408 2771 523 2852; x_wconf 74' lang='lat' dir='ltr'><strong>nemo</strong></span> <span class='ocrx_word' id='word_1_296' title='bbox 548 2778 790 2857; x_wconf 67' lang='lat' dir='ltr'><strong>detrectabats</strong></span> <span class='ocrx_word' id='word_1_297' title='bbox 822 2778 975 2854; x_wconf 84' lang='lat' dir='ltr'><strong>libenter</strong></span> <span class='ocrx_word' id='word_1_298' title='bbox 1003 2777 1099 2846; x_wconf 90' lang='lat' dir='ltr'><strong>enim</strong></span> <span class='ocrx_word' id='word_1_299' title='bbox 1127 2776 1263 2876; x_wconf 86' lang='lat' dir='ltr'><strong>singuli</strong></span> <span class='ocrx_word' id='word_1_300' title='bbox 1311 2790 1416 2861; x_wconf 90' lang='lat' dir='ltr'><strong>sunt,</strong></span> <span class='ocrx_word' id='word_1_301' title='bbox 1441 2801 1534 2870; x_wconf 89' lang='lat' dir='ltr'><strong>quae</strong></span> <span class='ocrx_word' id='word_1_302' title='bbox 1549 2778 1669 2848; x_wconf 90' lang='lat' dir='ltr'><strong>minus</strong></span> <span class='ocrx_word' id='word_1_303' title='bbox 1680 2792 1766 2849; x_wconf 86' lang='lat' dir='ltr'><strong>suot</strong></span> <span class='ocrx_word' id='word_1_304' title='bbox 1779 2780 1951 2850; x_wconf 51' lang='lat' dir='ltr'><strong>&amp;scurae</strong></span> <span class='ocrx_word' id='word_1_305' title='bbox 1965 2780 2152 2871; x_wconf 87' lang='lat' dir='ltr'><strong>prodigiis.</strong></span> 
     </span>
     <span class='ocr_line' id='line_1_25' title="bbox 264 2876 2332 2974; baseline -0.001 -20"><span class='ocrx_word' id='word_1_306' title='bbox 264 2878 541 2971; x_wconf 84' lang='lat' dir='ltr'><strong>suisstipendia</strong></span> <span class='ocrx_word' id='word_1_307' title='bbox 561 2880 684 2952; x_wconf 82' lang='lat' dir='ltr'><strong>daturi</strong></span> <span class='ocrx_word' id='word_1_308' title='bbox 706 2892 820 2950; x_wconf 76' lang='lat' dir='ltr'><strong>erant.</strong></span> <span class='ocrx_word' id='word_1_309' title='bbox 872 2880 1103 2971; x_wconf 83' lang='lat' dir='ltr'><strong>Sedpraeter</strong></span> <span class='ocrx_word' id='word_1_310' title='bbox 1117 2876 1206 2954; x_wconf 89' lang='lat' dir='ltr'><strong>haec</strong></span> <span class='ocrx_word' id='word_1_311' title='bbox 1221 2879 1259 2948; x_wconf 92' lang='lat' dir='ltr'><strong>in</strong></span> <span class='ocrx_word' id='word_1_312' title='bbox 1414 2879 1489 2951; x_wconf 86' lang='lat' dir='ltr'><strong>Nec</strong></span> <span class='ocrx_word' id='word_1_313' title='bbox 1512 2903 1599 2949; x_wconf 84' lang='lat' dir='ltr'><strong>vero</strong></span> <span class='ocrx_word' id='word_1_314' title='bbox 1623 2881 1770 2964; x_wconf 87' lang='lat' dir='ltr'><strong>dubito,</strong></span> <span class='ocrx_word' id='word_1_315' title='bbox 1807 2882 1897 2974; x_wconf 90' lang='lat' dir='ltr'><strong>quin</strong></span> <span class='ocrx_word' id='word_1_316' title='bbox 1925 2883 2021 2951; x_wconf 93' lang='lat' dir='ltr'><strong>docti</strong></span> <span class='ocrx_word' id='word_1_317' title='bbox 2048 2896 2084 2952; x_wconf 90' lang='lat' dir='ltr'><strong>et</strong></span> <span class='ocrx_word' id='word_1_318' title='bbox 2111 2885 2332 2974; x_wconf 55' lang='lat' dir='ltr'><strong>prudentes,</strong></span> 
     </span>
     <span class='ocr_line' id='line_1_26' title="bbox 265 2981 2323 3076; baseline -0.001 -20"><span class='ocrx_word' id='word_1_319' title='bbox 265 2982 422 3056; x_wconf 59' lang='lat' dir='ltr'><strong>minda</strong></span> <span class='ocrx_word' id='word_1_320' title='bbox 452 2996 530 3066; x_wconf 80' lang='lat' dir='ltr'><strong>erat</strong></span> <span class='ocrx_word' id='word_1_321' title='bbox 554 3001 692 3053; x_wconf 77' lang='lat' dir='ltr'><strong>novum</strong></span> <span class='ocrx_word' id='word_1_322' title='bbox 716 2981 842 3052; x_wconf 91' lang='lat' dir='ltr'><strong>tributi</strong></span> <span class='ocrx_word' id='word_1_323' title='bbox 864 3003 995 3074; x_wconf 87' lang='lat' dir='ltr'><strong>genus,</strong></span> <span class='ocrx_word' id='word_1_324' title='bbox 1028 2995 1068 3052; x_wconf 90' lang='lat' dir='ltr'><strong>ut</strong></span> <span class='ocrx_word' id='word_1_325' title='bbox 1090 2982 1260 3075; x_wconf 81' lang='lat' dir='ltr'><strong>Episcopi</strong></span> <span class='ocrx_word' id='word_1_326' title='bbox 1312 3005 1432 3052; x_wconf 86' lang='lat' dir='ltr'><strong>meum</strong></span> <span class='ocrx_word' id='word_1_327' title='bbox 1456 2983 1645 3053; x_wconf 87' lang='lat' dir='ltr'><strong>consilium</strong></span> <span class='ocrx_word' id='word_1_328' title='bbox 1671 3008 1889 3076; x_wconf 89' lang='lat' dir='ltr'><strong>magnopere</strong></span> <span class='ocrx_word' id='word_1_329' title='bbox 1903 2986 2090 3076; x_wconf 89' lang='lat' dir='ltr'><strong>probaturi</strong></span> <span class='ocrx_word' id='word_1_330' title='bbox 2105 2986 2195 3068; x_wconf 89' lang='lat' dir='ltr'><strong>sint,</strong></span> <span class='ocrx_word' id='word_1_331' title='bbox 2221 3010 2323 3075; x_wconf 88' lang='lat' dir='ltr'><strong>pro-·</strong></span> 
     </span>
     <span class='ocr_line' id='line_1_27' title="bbox 267 3083 2305 3180; baseline 0 -23"><span class='ocrx_word' id='word_1_332' title='bbox 267 3083 530 3162; x_wconf 84' lang='lat' dir='ltr'><strong>etSacerdotes</strong></span> <span class='ocrx_word' id='word_1_333' title='bbox 544 3086 750 3156; x_wconf 78' lang='lat' dir='ltr'><strong>deciderent</strong></span> <span class='ocrx_word' id='word_1_334' title='bbox 764 3089 808 3155; x_wconf 91' lang='lat' dir='ltr'><strong>de</strong></span> <span class='ocrx_word' id='word_1_335' title='bbox 825 3085 899 3156; x_wconf 91' lang='lat' dir='ltr'><strong>suis</strong></span> <span class='ocrx_word' id='word_1_336' title='bbox 913 3085 1087 3157; x_wconf 89' lang='lat' dir='ltr'><strong>reditibus</strong></span> <span class='ocrx_word' id='word_1_337' title='bbox 1103 3086 1260 3156; x_wconf 89' lang='lat' dir='ltr'><strong>decimas</strong></span> <span class='ocrx_word' id='word_1_338' title='bbox 1311 3098 1435 3179; x_wconf 89' lang='lat' dir='ltr'><strong>pterea</strong></span> <span class='ocrx_word' id='word_1_339' title='bbox 1467 3088 1585 3180; x_wconf 92' lang='lat' dir='ltr'><strong>quod,</strong></span> <span class='ocrx_word' id='word_1_340' title='bbox 1627 3111 1719 3180; x_wconf 80' lang='lat' dir='ltr'><strong>quae</strong></span> <span class='ocrx_word' id='word_1_341' title='bbox 1749 3088 1802 3158; x_wconf 88' lang='lat' dir='ltr'><strong>vis</strong></span> <span class='ocrx_word' id='word_1_342' title='bbox 1828 3088 1875 3159; x_wconf 86' lang='lat' dir='ltr'><strong>sit</strong></span> <span class='ocrx_word' id='word_1_343' title='bbox 1900 3088 2201 3177; x_wconf 86' lang='lat' dir='ltr'><strong>significationum</strong></span> <span class='ocrx_word' id='word_1_344' title='bbox 2225 3112 2305 3157; x_wconf 92' lang='lat' dir='ltr'><strong>coe-</strong></span> 
     </span>
     <span class='ocr_line' id='line_1_28' title="bbox 265 3188 2304 3290; baseline -0.001 -28"><span class='ocrx_word' id='word_1_345' title='bbox 265 3189 504 3281; x_wconf 76' lang='lat' dir='ltr'><strong>conferendas</strong></span> <span class='ocrx_word' id='word_1_346' title='bbox 537 3189 576 3258; x_wconf 86' lang='lat' dir='ltr'><strong>in</strong></span> <span class='ocrx_word' id='word_1_347' title='bbox 608 3189 693 3259; x_wconf 89' lang='lat' dir='ltr'><strong>belli</strong></span> <span class='ocrx_word' id='word_1_348' title='bbox 726 3202 884 3272; x_wconf 83' lang='lat' dir='ltr'><strong>sumtus,</strong></span> <span class='ocrx_word' id='word_1_349' title='bbox 917 3188 1049 3290; x_wconf 81' lang='lat' dir='ltr'><strong>reliqui</strong></span> <span class='ocrx_word' id='word_1_350' title='bbox 1075 3189 1261 3280; x_wconf 79' lang='lat' dir='ltr'><strong>Principes</strong></span> <span class='ocrx_word' id='word_1_351' title='bbox 1312 3188 1474 3272; x_wconf 87' lang='lat' dir='ltr'><strong>lestiuro,</strong></span> <span class='ocrx_word' id='word_1_352' title='bbox 1508 3202 1544 3258; x_wconf 91' lang='lat' dir='ltr'><strong>et</strong></span> <span class='ocrx_word' id='word_1_353' title='bbox 1573 3212 1665 3283; x_wconf 87' lang='lat' dir='ltr'><strong>quae</strong></span> <span class='ocrx_word' id='word_1_354' title='bbox 1694 3191 1782 3260; x_wconf 88' lang='lat' dir='ltr'><strong>tides</strong></span> <span class='ocrx_word' id='word_1_355' title='bbox 1812 3190 1859 3260; x_wconf 91' lang='lat' dir='ltr'><strong>sit</strong></span> <span class='ocrx_word' id='word_1_356' title='bbox 1888 3190 1975 3260; x_wconf 87' lang='lat' dir='ltr'><strong>artis</strong></span> <span class='ocrx_word' id='word_1_357' title='bbox 1994 3189 2110 3273; x_wconf 89' lang='lat' dir='ltr'><strong>illins,</strong></span> <span class='ocrx_word' id='word_1_358' title='bbox 2146 3192 2304 3285; x_wconf 82' lang='lat' dir='ltr'><strong>quaeda</strong></span> 
     </span>
     <span class='ocr_line' id='line_1_29' title="bbox 267 3290 2306 3383; baseline 0.001 -21"><span class='ocrx_word' id='word_1_359' title='bbox 267 3290 480 3371; x_wconf 68' lang='lat' dir='ltr'><strong>vicesimas,</strong></span> <span class='ocrx_word' id='word_1_360' title='bbox 1206 3355 1217 3372; x_wconf 82' lang='grc'><em>,</em></span> <span class='ocrx_word' id='word_1_361' title='bbox 1315 3293 1497 3362; x_wconf 85' lang='lat' dir='ltr'><strong>effectibus</strong></span> <span class='ocrx_word' id='word_1_362' title='bbox 1526 3291 1683 3362; x_wconf 88' lang='lat' dir='ltr'><strong>siderum</strong></span> <span class='ocrx_word' id='word_1_363' title='bbox 1705 3292 1901 3383; x_wconf 89' lang='lat' dir='ltr'><strong>praecipit,</strong></span> <span class='ocrx_word' id='word_1_364' title='bbox 1928 3293 2085 3362; x_wconf 77' lang='lat' dir='ltr'><strong>maxime</strong></span> <span class='ocrx_word' id='word_1_365' title='bbox 2109 3293 2145 3361; x_wconf 94' lang='lat' dir='ltr'><strong>in</strong></span> <span class='ocrx_word' id='word_1_366' title='bbox 2174 3294 2306 3365; x_wconf 87' lang='lat' dir='ltr'><strong>talibus</strong></span> 
     </span>
     <span class='ocr_line' id='line_1_30' title="bbox 369 3391 2307 3488; baseline 0.002 -25"><span class='ocrx_word' id='word_1_367' title='bbox 369 3394 425 3465; x_wconf 92' lang='lat' dir='ltr'><strong>De</strong></span> <span class='ocrx_word' id='word_1_368' title='bbox 440 3391 509 3464; x_wconf 92' lang='lat' dir='ltr'><strong>hac</strong></span> <span class='ocrx_word' id='word_1_369' title='bbox 524 3419 617 3463; x_wconf 92' lang='lat' dir='ltr'><strong>nova</strong></span> <span class='ocrx_word' id='word_1_370' title='bbox 635 3395 761 3464; x_wconf 88' lang='lat' dir='ltr'><strong>tributi</strong></span> <span class='ocrx_word' id='word_1_371' title='bbox 774 3395 930 3464; x_wconf 87' lang='lat' dir='ltr'><strong>formula</strong></span> <span class='ocrx_word' id='word_1_372' title='bbox 945 3396 1143 3465; x_wconf 87' lang='lat' dir='ltr'><strong>sententiae</strong></span> <span class='ocrx_word' id='word_1_373' title='bbox 1156 3394 1262 3464; x_wconf 86' lang='lat' dir='ltr'><strong>Prin·</strong></span> <span class='ocrx_word' id='word_1_374' title='bbox 1312 3394 1485 3485; x_wconf 79' lang='lat' dir='ltr'><strong>exemplis</strong></span> <span class='ocrx_word' id='word_1_375' title='bbox 1507 3394 1661 3486; x_wconf 88' lang='lat' dir='ltr'><strong>perspici</strong></span> <span class='ocrx_word' id='word_1_376' title='bbox 1678 3408 1807 3486; x_wconf 89' lang='lat' dir='ltr'><strong>potest.</strong></span> <span class='ocrx_word' id='word_1_377' title='bbox 1859 3395 1978 3488; x_wconf 86' lang='lat' dir='ltr'><strong>Quam</strong></span> <span class='ocrx_word' id='word_1_378' title='bbox 1996 3398 2042 3465; x_wconf 90' lang='lat' dir='ltr'><strong>ob</strong></span> <span class='ocrx_word' id='word_1_379' title='bbox 2060 3420 2202 3466; x_wconf 72' lang='lat' dir='ltr'><strong>causan</strong></span> <span class='ocrx_word' id='word_1_380' title='bbox 2221 3398 2307 3467; x_wconf 92' lang='lat' dir='ltr'><strong>Pto-</strong></span> 
     </span>
     <span class='ocr_line' id='line_1_31' title="bbox 268 3494 2306 3593; baseline 0.001 -25"><span class='ocrx_word' id='word_1_381' title='bbox 268 3500 387 3593; x_wconf 90' lang='lat' dir='ltr'><strong>cipum</strong></span> <span class='ocrx_word' id='word_1_382' title='bbox 412 3498 614 3567; x_wconf 85' lang='lat' dir='ltr'><strong>variabant.</strong></span> <span class='ocrx_word' id='word_1_383' title='bbox 664 3496 780 3565; x_wconf 86' lang='lat' dir='ltr'><strong>Erant</strong></span> <span class='ocrx_word' id='word_1_384' title='bbox 802 3495 918 3579; x_wconf 90' lang='lat' dir='ltr'><strong>enim,</strong></span> <span class='ocrx_word' id='word_1_385' title='bbox 946 3497 1008 3590; x_wconf 92' lang='lat' dir='ltr'><strong>qui</strong></span> <span class='ocrx_word' id='word_1_386' title='bbox 1030 3497 1186 3566; x_wconf 90' lang='lat' dir='ltr'><strong>libertati</strong></span> <span class='ocrx_word' id='word_1_387' title='bbox 1202 3520 1262 3564; x_wconf 87' lang='lat' dir='ltr'><strong>ve·</strong></span> <span class='ocrx_word' id='word_1_388' title='bbox 1314 3498 1471 3567; x_wconf 87' lang='lat' dir='ltr'><strong>lemaeus</strong></span> <span class='ocrx_word' id='word_1_389' title='bbox 1500 3497 1598 3568; x_wconf 87' lang='lat' dir='ltr'><strong>testis</strong></span> <span class='ocrx_word' id='word_1_390' title='bbox 1625 3510 1697 3581; x_wconf 85' lang='lat' dir='ltr'><strong>est,</strong></span> <span class='ocrx_word' id='word_1_391' title='bbox 1734 3499 1930 3590; x_wconf 81' lang='lat' dir='ltr'><strong>Aegyptios</strong></span> <span class='ocrx_word' id='word_1_392' title='bbox 1952 3494 2118 3569; x_wconf 90' lang='lat' dir='ltr'><strong>habuisse</strong></span> <span class='ocrx_word' id='word_1_393' title='bbox 2142 3501 2306 3570; x_wconf 90' lang='lat' dir='ltr'><strong>vetustis·</strong></span> 
     </span>
     <span class='ocr_line' id='line_1_32' title="bbox 268 3599 2308 3699; baseline -0 -27"><span class='ocrx_word' id='word_1_394' title='bbox 268 3602 337 3672; x_wconf 92' lang='lat' dir='ltr'><strong>teri</strong></span> <span class='ocrx_word' id='word_1_395' title='bbox 353 3600 593 3692; x_wconf 90' lang='lat' dir='ltr'><strong>periculosam</strong></span> <span class='ocrx_word' id='word_1_396' title='bbox 609 3623 684 3668; x_wconf 89' lang='lat' dir='ltr'><strong>esse</strong></span> <span class='ocrx_word' id='word_1_397' title='bbox 704 3600 893 3668; x_wconf 89' lang='lat' dir='ltr'><strong>ducebant.</strong></span> <span class='ocrx_word' id='word_1_398' title='bbox 944 3599 1013 3668; x_wconf 90' lang='lat' dir='ltr'><strong>Sed</strong></span> <span class='ocrx_word' id='word_1_399' title='bbox 1031 3624 1071 3669; x_wconf 89' lang='lat' dir='ltr'><strong>ea</strong></span> <span class='ocrx_word' id='word_1_400' title='bbox 1087 3612 1164 3668; x_wconf 89' lang='lat' dir='ltr'><strong>erat</strong></span> <span class='ocrx_word' id='word_1_401' title='bbox 1179 3610 1263 3668; x_wconf 92' lang='lat' dir='ltr'><strong>tunc</strong></span> <span class='ocrx_word' id='word_1_402' title='bbox 1315 3601 1403 3670; x_wconf 90' lang='lat' dir='ltr'><strong>sima</strong></span> <span class='ocrx_word' id='word_1_403' title='bbox 1423 3599 1630 3682; x_wconf 86' lang='lat' dir='ltr'><strong>volumina,</strong></span> <span class='ocrx_word' id='word_1_404' title='bbox 1656 3601 1693 3667; x_wconf 94' lang='lat' dir='ltr'><strong>in</strong></span> <span class='ocrx_word' id='word_1_405' title='bbox 1714 3602 1843 3699; x_wconf 91' lang='lat' dir='ltr'><strong>quibus</strong></span> <span class='ocrx_word' id='word_1_406' title='bbox 1857 3601 2097 3693; x_wconf 87' lang='lat' dir='ltr'><strong>plurimorum</strong></span> <span class='ocrx_word' id='word_1_407' title='bbox 2115 3602 2255 3693; x_wconf 87' lang='lat' dir='ltr'><strong>Regum</strong></span> <span class='ocrx_word' id='word_1_408' title='bbox 2272 3615 2308 3671; x_wconf 93' lang='lat' dir='ltr'><strong>et</strong></span> 
     </span>
     <span class='ocr_line' id='line_1_33' title="bbox 270 3702 2308 3800; baseline 0 -26"><span class='ocrx_word' id='word_1_409' title='bbox 270 3705 416 3800; x_wconf 91' lang='lat' dir='ltr'><strong>quidem</strong></span> <span class='ocrx_word' id='word_1_410' title='bbox 442 3702 600 3794; x_wconf 87' lang='lat' dir='ltr'><strong>gravitas</strong></span> <span class='ocrx_word' id='word_1_411' title='bbox 624 3714 660 3769; x_wconf 89' lang='lat' dir='ltr'><strong>et</strong></span> <span class='ocrx_word' id='word_1_412' title='bbox 682 3702 891 3794; x_wconf 88' lang='lat' dir='ltr'><strong>Principum</strong></span> <span class='ocrx_word' id='word_1_413' title='bbox 916 3702 1048 3784; x_wconf 88' lang='lat' dir='ltr'><strong>virtus,</strong></span> <span class='ocrx_word' id='word_1_414' title='bbox 1090 3716 1130 3772; x_wconf 93' lang='lat' dir='ltr'><strong>ut</strong></span> <span class='ocrx_word' id='word_1_415' title='bbox 1151 3702 1262 3794; x_wconf 89' lang='lat' dir='ltr'><strong>impe·</strong></span> <span class='ocrx_word' id='word_1_416' title='bbox 1316 3702 1469 3771; x_wconf 90' lang='lat' dir='ltr'><strong>aliorum</strong></span> <span class='ocrx_word' id='word_1_417' title='bbox 1486 3704 1745 3794; x_wconf 87' lang='lat' dir='ltr'><strong>praestantium</strong></span> <span class='ocrx_word' id='word_1_418' title='bbox 1761 3704 1923 3773; x_wconf 87' lang='lat' dir='ltr'><strong>virorum</strong></span> <span class='ocrx_word' id='word_1_419' title='bbox 1938 3705 2144 3775; x_wconf 88' lang='lat' dir='ltr'><strong>nonsolum</strong></span> <span class='ocrx_word' id='word_1_420' title='bbox 2164 3729 2308 3796; x_wconf 83' lang='lat' dir='ltr'><strong>geneses</strong></span> 
     </span>
     <span class='ocr_line' id='line_1_34' title="bbox 271 3804 2309 3899; baseline -0 -22"><span class='ocrx_word' id='word_1_421' title='bbox 271 3808 347 3877; x_wconf 89' lang='lat' dir='ltr'><strong>dire</strong></span> <span class='ocrx_word' id='word_1_422' title='bbox 375 3805 510 3874; x_wconf 88' lang='lat' dir='ltr'><strong>bellum</strong></span> <span class='ocrx_word' id='word_1_423' title='bbox 535 3805 685 3896; x_wconf 87' lang='lat' dir='ltr'><strong>privatis</strong></span> <span class='ocrx_word' id='word_1_424' title='bbox 711 3805 805 3875; x_wconf 90' lang='lat' dir='ltr'><strong>curis</strong></span> <span class='ocrx_word' id='word_1_425' title='bbox 828 3817 892 3874; x_wconf 93' lang='lat' dir='ltr'><strong>aut</strong></span> <span class='ocrx_word' id='word_1_426' title='bbox 915 3805 1099 3875; x_wconf 79' lang='lat' dir='ltr'><strong>aflectibus</strong></span> <span class='ocrx_word' id='word_1_427' title='bbox 1128 3828 1263 3899; x_wconf 88' lang='lat' dir='ltr'><strong>nequa·</strong></span> <span class='ocrx_word' id='word_1_428' title='bbox 1316 3804 1514 3896; x_wconf 90' lang='lat' dir='ltr'><strong>descriptae</strong></span> <span class='ocrx_word' id='word_1_429' title='bbox 1537 3806 1700 3888; x_wconf 89' lang='lat' dir='ltr'><strong>fuerunt,</strong></span> <span class='ocrx_word' id='word_1_430' title='bbox 1735 3808 1924 3878; x_wconf 86' lang='lat' dir='ltr'><strong>sedetiam</strong></span> <span class='ocrx_word' id='word_1_431' title='bbox 1951 3808 2087 3876; x_wconf 85' lang='lat' dir='ltr'><strong>adiecta</strong></span> <span class='ocrx_word' id='word_1_432' title='bbox 2115 3809 2244 3877; x_wconf 90' lang='lat' dir='ltr'><strong>iudicia</strong></span> <span class='ocrx_word' id='word_1_433' title='bbox 2274 3820 2309 3876; x_wconf 91' lang='lat' dir='ltr'><strong>et</strong></span> 
     </span>
     <span class='ocr_line' id='line_1_35' title="bbox 271 3904 2308 4005; baseline 0 -27"><span class='ocrx_word' id='word_1_434' title='bbox 271 3932 380 4005; x_wconf 89' lang='lat' dir='ltr'><strong>quarn</strong></span> <span class='ocrx_word' id='word_1_435' title='bbox 405 3908 597 3978; x_wconf 85' lang='lat' dir='ltr'><strong>voluerint.</strong></span> <span class='ocrx_word' id='word_1_436' title='bbox 650 3904 775 4000; x_wconf 86' lang='lat' dir='ltr'><strong>ltaque</strong></span> <span class='ocrx_word' id='word_1_437' title='bbox 799 3907 863 3976; x_wconf 88' lang='lat' dir='ltr'><strong>etsi</strong></span> <span class='ocrx_word' id='word_1_438' title='bbox 889 3909 932 3975; x_wconf 92' lang='lat' dir='ltr'><strong>de</strong></span> <span class='ocrx_word' id='word_1_439' title='bbox 958 3905 1025 3977; x_wconf 88' lang='lat' dir='ltr'><strong>hac</strong></span> <span class='ocrx_word' id='word_1_440' title='bbox 1046 3908 1170 3978; x_wconf 91' lang='lat' dir='ltr'><strong>tributi</strong></span> <span class='ocrx_word' id='word_1_441' title='bbox 1191 3909 1264 3977; x_wconf 88' lang='lat' dir='ltr'><strong>for·</strong></span> <span class='ocrx_word' id='word_1_442' title='bbox 1315 3905 1487 3978; x_wconf 78' lang='lat' dir='ltr'><strong>historiae</strong></span> <span class='ocrx_word' id='word_1_443' title='bbox 1501 3921 1708 3992; x_wconf 87' lang='lat' dir='ltr'><strong>eventuum</strong></span> <span class='ocrx_word' id='word_1_444' title='bbox 1734 3921 1775 3978; x_wconf 93' lang='lat' dir='ltr'><strong>ut</strong></span> <span class='ocrx_word' id='word_1_445' title='bbox 1789 3910 1979 4000; x_wconf 78' lang='lat' dir='ltr'><strong>posteritas</strong></span> <span class='ocrx_word' id='word_1_446' title='bbox 1995 3923 2131 3980; x_wconf 89' lang='lat' dir='ltr'><strong>teneret</strong></span> <span class='ocrx_word' id='word_1_447' title='bbox 2148 3913 2308 4002; x_wconf 84' lang='lat' dir='ltr'><strong>exempla</strong></span> 
     </span>
     <span class='ocr_line' id='line_1_36' title="bbox 270 4010 2309 4119; baseline 0 -38"><span class='ocrx_word' id='word_1_448' title='bbox 270 4013 367 4119; x_wconf 82' lang='lat' dir='ltr'><strong>mula</strong></span> <span class='ocrx_word' id='word_1_449' title='bbox 384 4011 649 4105; x_wconf 87' lang='lat' dir='ltr'><strong>dissenserant</strong></span> <span class='ocrx_word' id='word_1_450' title='bbox 673 4024 793 4080; x_wconf 89' lang='lat' dir='ltr'><strong>tamen</strong></span> <span class='ocrx_word' id='word_1_451' title='bbox 808 4010 928 4081; x_wconf 88' lang='lat' dir='ltr'><strong>statim</strong></span> <span class='ocrx_word' id='word_1_452' title='bbox 944 4011 1112 4081; x_wconf 85' lang='lat' dir='ltr'><strong>convenit</strong></span> <span class='ocrx_word' id='word_1_453' title='bbox 1128 4011 1198 4093; x_wconf 91' lang='lat' dir='ltr'><strong>ita,</strong></span> <span class='ocrx_word' id='word_1_454' title='bbox 1224 4022 1265 4081; x_wconf 92' lang='lat' dir='ltr'><strong>nt</strong></span> <span class='ocrx_word' id='word_1_455' title='bbox 1317 4010 1609 4082; x_wconf 86' lang='lat' dir='ltr'><strong>observationum</strong></span> <span class='ocrx_word' id='word_1_456' title='bbox 1635 4012 1853 4084; x_wconf 88' lang='lat' dir='ltr'><strong>coelestium.</strong></span> <span class='ocrx_word' id='word_1_457' title='bbox 1902 4013 1999 4081; x_wconf 80' lang='lat' dir='ltr'><strong>Ac</strong></span> <span class='ocrx_word' id='word_1_458' title='bbox 1971 4038 2000 4082; x_wconf 82' lang='lat' dir='ltr'><strong>st</strong></span> <span class='ocrx_word' id='word_1_459' title='bbox 2020 4014 2076 4083; x_wconf 88' lang='lat' dir='ltr'><strong>vir</strong></span> <span class='ocrx_word' id='word_1_460' title='bbox 2093 4015 2309 4104; x_wconf 89' lang='lat' dir='ltr'><strong>sapientissi-</strong></span> 
     </span>
     <span class='ocr_line' id='line_1_37' title="bbox 271 4086 2309 4234; baseline -0.001 -47"><span class='ocrx_word' id='word_1_461' title='bbox 271 4086 413 4205; x_wconf 62' lang='lat' dir='ltr'><strong>cirtam</strong></span> <span class='ocrx_word' id='word_1_462' title='bbox 424 4139 617 4209; x_wconf 80' lang='lat' dir='ltr'><strong>nnmerum</strong></span> <span class='ocrx_word' id='word_1_463' title='bbox 631 4113 793 4208; x_wconf 87' lang='lat' dir='ltr'><strong>equitum</strong></span> <span class='ocrx_word' id='word_1_464' title='bbox 808 4126 844 4183; x_wconf 90' lang='lat' dir='ltr'><strong>et</strong></span> <span class='ocrx_word' id='word_1_465' title='bbox 859 4113 1020 4234; x_wconf 80' lang='lat' dir='ltr'><strong>peditum</strong></span> <span class='ocrx_word' id='word_1_466' title='bbox 1034 4113 1166 4206; x_wconf 88' lang='lat' dir='ltr'><strong>singuli</strong></span> <span class='ocrx_word' id='word_1_467' title='bbox 1182 4113 1265 4183; x_wconf 88' lang='lat' dir='ltr'><strong>mit-</strong></span> <span class='ocrx_word' id='word_1_468' title='bbox 1317 4140 1397 4184; x_wconf 73' lang='lat' dir='ltr'><strong>mers</strong></span> <span class='ocrx_word' id='word_1_469' title='bbox 1429 4112 1654 4205; x_wconf 90' lang='lat' dir='ltr'><strong>Pomponius</strong></span> <span class='ocrx_word' id='word_1_470' title='bbox 1679 4115 1819 4186; x_wconf 78' lang='lat' dir='ltr'><strong>Atticus</strong></span> <span class='ocrx_word' id='word_1_471' title='bbox 1851 4141 1871 4182; x_wconf 88' lang='lat' dir='ltr'><strong>a</strong></span> <span class='ocrx_word' id='word_1_472' title='bbox 1897 4110 2095 4186; x_wconf 75' lang='lat' dir='ltr'><strong>Plutarcho</strong></span> <span class='ocrx_word' id='word_1_473' title='bbox 2129 4117 2309 4198; x_wconf 86' lang='lat' dir='ltr'><strong>laudator,</strong></span> 
     </span>
    </p>
   </div>
   <div class='ocr_carea' id='block_1_3' title="bbox 271 4213 2451 4334">
    <p class='ocr_par' dir='ltr' id='par_1_3' title="bbox 271 4213 2451 4334">
     <span class='ocr_line' id='line_1_38' title="bbox 271 4213 2451 4334; baseline -0.004 -43"><span class='ocrx_word' id='word_1_474' title='bbox 271 4230 410 4300; x_wconf 82' lang='lat' dir='ltr'><strong>terent,</strong></span> <span class='ocrx_word' id='word_1_475' title='bbox 435 4230 471 4287; x_wconf 91' lang='lat' dir='ltr'><strong>et</strong></span> <span class='ocrx_word' id='word_1_476' title='bbox 490 4213 547 4293; x_wconf 85' lang='lat' dir='ltr'><strong>hts</strong></span> <span class='ocrx_word' id='word_1_477' title='bbox 559 4218 739 4308; x_wconf 79' lang='lat' dir='ltr'><strong>stipendis</strong></span> <span class='ocrx_word' id='word_1_478' title='bbox 756 4219 963 4288; x_wconf 88' lang='lat' dir='ltr'><strong>solverent</strong></span> <span class='ocrx_word' id='word_1_479' title='bbox 952 4240 1033 4309; x_wconf 79' lang='grc' dir='ltr'><strong>ιρι).</strong></span> <span class='ocrx_word' id='word_1_480' title='bbox 1316 4218 1421 4334; x_wconf 78' lang='lat' dir='ltr'><strong>quod</strong></span> <span class='ocrx_word' id='word_1_481' title='bbox 1431 4215 1790 4307; x_wconf 81' lang='lat' dir='ltr'><strong>Astrologo&#39;l&#39;arutio</strong></span> <span class='ocrx_word' id='word_1_482' title='bbox 1808 4220 2018 4287; x_wconf 78' lang='lat' dir='ltr'><strong>mandatum</strong></span> <span class='ocrx_word' id='word_1_483' title='bbox 2036 4218 2204 4286; x_wconf 85' lang='lat' dir='ltr'><strong>dederit</strong></span> <span class='ocrx_word' id='word_1_484' title='bbox 2193 4218 2311 4310; x_wconf 86' lang='lat' dir='ltr'><strong>roqui-</strong></span> <span class='ocrx_word' id='word_1_485' title='bbox 2335 4282 2339 4288; x_wconf 88' lang='grc'><strong>,</strong></span> <span class='ocrx_word' id='word_1_486' title='bbox 2447 4320 2451 4331; x_wconf 27' lang='grc' dir='ltr'>Ι</span> 
     </span>
    </p>
   </div>
   <div class='ocr_carea' id='block_1_4' title="bbox 248 4315 2347 5651">
    <p class='ocr_par' dir='ltr' id='par_1_4' title="bbox 248 4315 2347 5651">
     <span class='ocr_line' id='line_1_39' title="bbox 375 4315 2313 4412; baseline 0 -26"><span class='ocrx_word' id='word_1_487' title='bbox 375 4319 516 4389; x_wconf 91' lang='lat' dir='ltr'><strong>Deinde</strong></span> <span class='ocrx_word' id='word_1_488' title='bbox 540 4335 580 4391; x_wconf 90' lang='lat' dir='ltr'><strong>nt</strong></span> <span class='ocrx_word' id='word_1_489' title='bbox 604 4320 737 4391; x_wconf 90' lang='lat' dir='ltr'><strong>tributa</strong></span> <span class='ocrx_word' id='word_1_490' title='bbox 761 4319 892 4410; x_wconf 90' lang='lat' dir='ltr'><strong>singuli</strong></span> <span class='ocrx_word' id='word_1_491' title='bbox 915 4320 1144 4390; x_wconf 89' lang='lat' dir='ltr'><strong>indicerent</strong></span> <span class='ocrx_word' id='word_1_492' title='bbox 1134 4343 1172 4387; x_wconf 87' lang='grc' dir='ltr'><strong>ιιι</strong></span> <span class='ocrx_word' id='word_1_493' title='bbox 1193 4320 1266 4390; x_wconf 90' lang='lat' dir='ltr'><strong>suis</strong></span> <span class='ocrx_word' id='word_1_494' title='bbox 1315 4317 1422 4389; x_wconf 86' lang='lat' dir='ltr'><strong>rendi</strong></span> <span class='ocrx_word' id='word_1_495' title='bbox 1438 4320 1582 4410; x_wconf 84' lang='lat' dir='ltr'><strong>genesin</strong></span> <span class='ocrx_word' id='word_1_496' title='bbox 1597 4318 1765 4405; x_wconf 89' lang='lat' dir='ltr'><strong>Romuli,</strong></span> <span class='ocrx_word' id='word_1_497' title='bbox 1791 4343 1897 4412; x_wconf 89' lang='lat' dir='ltr'><strong>spero</strong></span> <span class='ocrx_word' id='word_1_498' title='bbox 1912 4342 2029 4388; x_wconf 88' lang='lat' dir='ltr'><strong>meam</strong></span> <span class='ocrx_word' id='word_1_499' title='bbox 2045 4321 2084 4387; x_wconf 92' lang='lat' dir='ltr'><strong>in</strong></span> <span class='ocrx_word' id='word_1_500' title='bbox 2097 4315 2166 4387; x_wconf 91' lang='lat' dir='ltr'><strong>hoc</strong></span> <span class='ocrx_word' id='word_1_501' title='bbox 2181 4341 2313 4409; x_wconf 85' lang='lat' dir='ltr'><strong>genere</strong></span> 
     </span>
     <span class='ocr_line' id='line_1_40' title="bbox 274 4420 2260 4518; baseline -0.001 -27"><span class='ocrx_word' id='word_1_502' title='bbox 274 4421 472 4492; x_wconf 86' lang='lat' dir='ltr'><strong>ditionibus</strong></span> <span class='ocrx_word' id='word_1_503' title='bbox 489 4447 556 4514; x_wconf 92' lang='lat' dir='ltr'><strong>pro</strong></span> <span class='ocrx_word' id='word_1_504' title='bbox 571 4424 781 4493; x_wconf 85' lang='lat' dir='ltr'><strong>facultatum</strong></span> <span class='ocrx_word' id='word_1_505' title='bbox 800 4426 923 4506; x_wconf 90' lang='lat' dir='ltr'><strong>modo,</strong></span> <span class='ocrx_word' id='word_1_506' title='bbox 943 4449 1057 4518; x_wconf 89' lang='lat' dir='ltr'><strong>eaque</strong></span> <span class='ocrx_word' id='word_1_507' title='bbox 1075 4423 1120 4491; x_wconf 93' lang='lat' dir='ltr'><strong>ad</strong></span> <span class='ocrx_word' id='word_1_508' title='bbox 1139 4420 1266 4492; x_wconf 87' lang='lat' dir='ltr'><strong>Caesa·</strong></span> <span class='ocrx_word' id='word_1_509' title='bbox 1320 4423 1542 4513; x_wconf 89' lang='lat' dir='ltr'><strong>diligentiam</strong></span> <span class='ocrx_word' id='word_1_510' title='bbox 1559 4422 1665 4491; x_wconf 89' lang='lat' dir='ltr'><strong>etiam</strong></span> <span class='ocrx_word' id='word_1_511' title='bbox 1684 4424 1729 4491; x_wconf 91' lang='lat' dir='ltr'><strong>ad</strong></span> <span class='ocrx_word' id='word_1_512' title='bbox 1748 4423 1992 4513; x_wconf 88' lang='lat' dir='ltr'><strong>posteritatem</strong></span> <span class='ocrx_word' id='word_1_513' title='bbox 2010 4435 2149 4512; x_wconf 87' lang='lat' dir='ltr'><strong>gratam</strong></span> <span class='ocrx_word' id='word_1_514' title='bbox 2169 4424 2260 4491; x_wconf 85' lang='lat' dir='ltr'><strong>fore.</strong></span> 
     </span>
     <span class='ocr_line' id='line_1_41' title="bbox 275 4519 2313 4619; baseline -0.001 -24"><span class='ocrx_word' id='word_1_515' title='bbox 275 4550 350 4595; x_wconf 91' lang='lat' dir='ltr'><strong>rem</strong></span> <span class='ocrx_word' id='word_1_516' title='bbox 376 4526 587 4595; x_wconf 90' lang='lat' dir='ltr'><strong>retulerunt.</strong></span> <span class='ocrx_word' id='word_1_517' title='bbox 639 4526 712 4619; x_wconf 84' lang='lat' dir='ltr'><strong>Qui</strong></span> <span class='ocrx_word' id='word_1_518' title='bbox 741 4526 950 4598; x_wconf 88' lang='lat' dir='ltr'><strong>collaudatis</strong></span> <span class='ocrx_word' id='word_1_519' title='bbox 972 4526 1182 4617; x_wconf 90' lang='lat' dir='ltr'><strong>Principum</strong></span> <span class='ocrx_word' id='word_1_520' title='bbox 1205 4548 1268 4593; x_wconf 89' lang='lat' dir='ltr'><strong>vo·</strong></span> <span class='ocrx_word' id='word_1_521' title='bbox 1422 4524 1612 4595; x_wconf 91' lang='lat' dir='ltr'><strong>Postremo</strong></span> <span class='ocrx_word' id='word_1_522' title='bbox 1636 4526 1746 4616; x_wconf 89' lang='lat' dir='ltr'><strong>ipsius</strong></span> <span class='ocrx_word' id='word_1_523' title='bbox 1762 4524 2003 4594; x_wconf 82' lang='lat' dir='ltr'><strong>Maximiliani</strong></span> <span class='ocrx_word' id='word_1_524' title='bbox 2023 4519 2157 4593; x_wconf 92' lang='lat' dir='ltr'><strong>honori</strong></span> <span class='ocrx_word' id='word_1_525' title='bbox 2173 4521 2243 4594; x_wconf 93' lang='lat' dir='ltr'><strong>hoc</strong></span> <span class='ocrx_word' id='word_1_526' title='bbox 2260 4527 2313 4592; x_wconf 88' lang='lat' dir='ltr'><strong>of-</strong></span> 
     </span>
     <span class='ocr_line' id='line_1_42' title="bbox 248 4622 2312 4721; baseline -0 -25"><span class='ocrx_word' id='word_1_527' title='bbox 248 4666 251 4674; x_wconf 94' lang='lat'>·</span> <span class='ocrx_word' id='word_1_528' title='bbox 274 4628 487 4710; x_wconf 90' lang='lat' dir='ltr'><strong>luntatibus,</strong></span> <span class='ocrx_word' id='word_1_529' title='bbox 514 4630 659 4697; x_wconf 91' lang='lat' dir='ltr'><strong>tandem</strong></span> <span class='ocrx_word' id='word_1_530' title='bbox 674 4631 718 4698; x_wconf 91' lang='lat' dir='ltr'><strong>de</strong></span> <span class='ocrx_word' id='word_1_531' title='bbox 736 4630 871 4698; x_wconf 91' lang='lat' dir='ltr'><strong>tributo</strong></span> <span class='ocrx_word' id='word_1_532' title='bbox 888 4629 1057 4711; x_wconf 79' lang='lat' dir='ltr'><strong>decrerit,</strong></span> <span class='ocrx_word' id='word_1_533' title='bbox 1083 4641 1123 4698; x_wconf 92' lang='lat' dir='ltr'><strong>ut</strong></span> <span class='ocrx_word' id='word_1_534' title='bbox 1138 4627 1268 4720; x_wconf 88' lang='lat' dir='ltr'><strong>singuli</strong></span> <span class='ocrx_word' id='word_1_535' title='bbox 1321 4628 1439 4696; x_wconf 87' lang='lat' dir='ltr'><strong>licium</strong></span> <span class='ocrx_word' id='word_1_536' title='bbox 1465 4629 1684 4710; x_wconf 88' lang='lat' dir='ltr'><strong>tribuamus,</strong></span> <span class='ocrx_word' id='word_1_537' title='bbox 1717 4651 1823 4721; x_wconf 91' lang='lat' dir='ltr'><strong>quem</strong></span> <span class='ocrx_word' id='word_1_538' title='bbox 1849 4627 1979 4698; x_wconf 88' lang='lat' dir='ltr'><strong>scimus</strong></span> <span class='ocrx_word' id='word_1_539' title='bbox 1995 4622 2060 4696; x_wconf 92' lang='lat' dir='ltr'><strong>has</strong></span> <span class='ocrx_word' id='word_1_540' title='bbox 2078 4626 2312 4718; x_wconf 87' lang='lat' dir='ltr'><strong>pulcerrimas</strong></span> 
     </span>
     <span class='ocr_line' id='line_1_43' title="bbox 276 4730 2314 4831; baseline -0.002 -29"><span class='ocrx_word' id='word_1_541' title='bbox 276 4756 358 4802; x_wconf 87' lang='lat' dir='ltr'><strong>curn</strong></span> <span class='ocrx_word' id='word_1_542' title='bbox 375 4732 412 4799; x_wconf 93' lang='lat' dir='ltr'><strong>in</strong></span> <span class='ocrx_word' id='word_1_543' title='bbox 429 4755 511 4801; x_wconf 88' lang='lat' dir='ltr'><strong>suas</strong></span> <span class='ocrx_word' id='word_1_544' title='bbox 527 4731 681 4802; x_wconf 89' lang='lat' dir='ltr'><strong>ditiones</strong></span> <span class='ocrx_word' id='word_1_545' title='bbox 695 4733 887 4816; x_wconf 90' lang='lat' dir='ltr'><strong>redissent,</strong></span> <span class='ocrx_word' id='word_1_546' title='bbox 913 4733 1063 4803; x_wconf 88' lang='lat' dir='ltr'><strong>subditis</strong></span> <span class='ocrx_word' id='word_1_547' title='bbox 1080 4731 1268 4800; x_wconf 90' lang='lat' dir='ltr'><strong>consilium</strong></span> <span class='ocrx_word' id='word_1_548' title='bbox 1322 4743 1416 4800; x_wconf 88' lang='lat' dir='ltr'><strong>artes</strong></span> <span class='ocrx_word' id='word_1_549' title='bbox 1438 4754 1514 4799; x_wconf 92' lang='lat' dir='ltr'><strong>non</strong></span> <span class='ocrx_word' id='word_1_550' title='bbox 1536 4730 1652 4800; x_wconf 91' lang='lat' dir='ltr'><strong>solum</strong></span> <span class='ocrx_word' id='word_1_551' title='bbox 1672 4755 1828 4815; x_wconf 89' lang='lat' dir='ltr'><strong>amasse,</strong></span> <span class='ocrx_word' id='word_1_552' title='bbox 1854 4731 2041 4799; x_wconf 88' lang='lat' dir='ltr'><strong>sedetiam</strong></span> <span class='ocrx_word' id='word_1_553' title='bbox 2062 4732 2243 4831; x_wconf 72' lang='lat' dir='ltr'><strong>praeclare</strong></span> <span class='ocrx_word' id='word_1_554' title='bbox 2259 4732 2314 4797; x_wconf 89' lang='lat' dir='ltr'><strong>in-</strong></span> 
     </span>
     <span class='ocr_line' id='line_1_44' title="bbox 277 4833 2313 4931; baseline -0.002 -28"><span class='ocrx_word' id='word_1_555' title='bbox 277 4848 314 4903; x_wconf 89' lang='lat' dir='ltr'><strong>et</strong></span> <span class='ocrx_word' id='word_1_556' title='bbox 326 4836 550 4904; x_wconf 86' lang='lat' dir='ltr'><strong>voluntatem</strong></span> <span class='ocrx_word' id='word_1_557' title='bbox 569 4833 732 4905; x_wconf 85' lang='lat' dir='ltr'><strong>Caesaris</strong></span> <span class='ocrx_word' id='word_1_558' title='bbox 745 4850 1010 4931; x_wconf 83' lang='lat' dir='ltr'><strong>proponerent,</strong></span> <span class='ocrx_word' id='word_1_559' title='bbox 1037 4849 1071 4904; x_wconf 93' lang='lat' dir='ltr'><strong>et</strong></span> <span class='ocrx_word' id='word_1_560' title='bbox 1087 4859 1124 4904; x_wconf 93' lang='lat' dir='ltr'><strong>re</strong></span> <span class='ocrx_word' id='word_1_561' title='bbox 1139 4834 1270 4902; x_wconf 92' lang='lat' dir='ltr'><strong>delibe·</strong></span> <span class='ocrx_word' id='word_1_562' title='bbox 1322 4833 1515 4916; x_wconf 74' lang='lat' dir='ltr'><strong>reflexisse,</strong></span> <span class='ocrx_word' id='word_1_563' title='bbox 1544 4858 1585 4900; x_wconf 90' lang='lat' dir='ltr'><strong>ac</strong></span> <span class='ocrx_word' id='word_1_564' title='bbox 1609 4834 1784 4904; x_wconf 89' lang='lat' dir='ltr'><strong>iudicasse</strong></span> <span class='ocrx_word' id='word_1_565' title='bbox 1803 4858 1926 4902; x_wconf 89' lang='lat' dir='ltr'><strong>earum</strong></span> <span class='ocrx_word' id='word_1_566' title='bbox 1943 4835 2184 4925; x_wconf 89' lang='lat' dir='ltr'><strong>cognitionem</strong></span> <span class='ocrx_word' id='word_1_567' title='bbox 2200 4837 2313 4924; x_wconf 89' lang='lat' dir='ltr'><strong>inpri-</strong></span> 
     </span>
     <span class='ocr_line' id='line_1_45' title="bbox 277 4936 2314 5030; baseline 0 -26"><span class='ocrx_word' id='word_1_568' title='bbox 277 4950 379 5020; x_wconf 91' lang='lat' dir='ltr'><strong>rata,</strong></span> <span class='ocrx_word' id='word_1_569' title='bbox 405 4950 527 5006; x_wconf 87' lang='lat' dir='ltr'><strong>tantae</strong></span> <span class='ocrx_word' id='word_1_570' title='bbox 551 4938 715 5030; x_wconf 89' lang='lat' dir='ltr'><strong>publicae</strong></span> <span class='ocrx_word' id='word_1_571' title='bbox 731 4937 895 5008; x_wconf 87' lang='lat' dir='ltr'><strong>utilitatis</strong></span> <span class='ocrx_word' id='word_1_572' title='bbox 910 4963 1034 5022; x_wconf 87' lang='lat' dir='ltr'><strong>causa,</strong></span> <span class='ocrx_word' id='word_1_573' title='bbox 1064 4938 1197 5008; x_wconf 89' lang='lat' dir='ltr'><strong>tributa</strong></span> <span class='ocrx_word' id='word_1_574' title='bbox 1218 4937 1271 5005; x_wconf 89' lang='lat' dir='ltr'><strong>in·</strong></span> <span class='ocrx_word' id='word_1_575' title='bbox 1323 4937 1391 5007; x_wconf 89' lang='lat' dir='ltr'><strong>mis</strong></span> <span class='ocrx_word' id='word_1_576' title='bbox 1407 4937 1551 5027; x_wconf 91' lang='lat' dir='ltr'><strong>dignam</strong></span> <span class='ocrx_word' id='word_1_577' title='bbox 1566 4936 1788 5029; x_wconf 89' lang='lat' dir='ltr'><strong>principibus</strong></span> <span class='ocrx_word' id='word_1_578' title='bbox 1805 4937 1903 5020; x_wconf 88' lang='lat' dir='ltr'><strong>viris,</strong></span> <span class='ocrx_word' id='word_1_579' title='bbox 1928 4950 1962 5005; x_wconf 92' lang='lat' dir='ltr'><strong>et</strong></span> <span class='ocrx_word' id='word_1_580' title='bbox 1978 4939 2023 5005; x_wconf 91' lang='lat' dir='ltr'><strong>ad</strong></span> <span class='ocrx_word' id='word_1_581' title='bbox 2039 4937 2171 5006; x_wconf 91' lang='lat' dir='ltr'><strong>multos</strong></span> <span class='ocrx_word' id='word_1_582' title='bbox 2185 4937 2221 5007; x_wconf 92' lang='lat' dir='ltr'><strong>in</strong></span> <span class='ocrx_word' id='word_1_583' title='bbox 2241 4937 2314 5005; x_wconf 88' lang='lat' dir='ltr'><strong>vita</strong></span> 
     </span>
     <span class='ocr_line' id='line_1_46' title="bbox 280 5037 1936 5134; baseline 0.001 -28"><span class='ocrx_word' id='word_1_584' title='bbox 280 5037 454 5109; x_wconf 88' lang='lat' dir='ltr'><strong>dicerent.</strong></span> <span class='ocrx_word' id='word_1_585' title='bbox 495 5039 542 5110; x_wconf 90' lang='lat' dir='ltr'><strong>Et</strong></span> <span class='ocrx_word' id='word_1_586' title='bbox 557 5042 641 5134; x_wconf 90' lang='lat' dir='ltr'><strong>quia</strong></span> <span class='ocrx_word' id='word_1_587' title='bbox 658 5053 771 5109; x_wconf 89' lang='lat' dir='ltr'><strong>totam</strong></span> <span class='ocrx_word' id='word_1_588' title='bbox 787 5041 1081 5111; x_wconf 90' lang='lat' dir='ltr'><strong>deliberationem</strong></span> <span class='ocrx_word' id='word_1_589' title='bbox 1097 5043 1141 5109; x_wconf 92' lang='lat' dir='ltr'><strong>de</strong></span> <span class='ocrx_word' id='word_1_590' title='bbox 1162 5064 1272 5133; x_wconf 88' lang='lat' dir='ltr'><strong>appa·</strong></span> <span class='ocrx_word' id='word_1_591' title='bbox 1325 5065 1425 5109; x_wconf 87' lang='lat' dir='ltr'><strong>casus</strong></span> <span class='ocrx_word' id='word_1_592' title='bbox 1442 5041 1694 5131; x_wconf 88' lang='lat' dir='ltr'><strong>gubernandos</strong></span> <span class='ocrx_word' id='word_1_593' title='bbox 1710 5041 1832 5109; x_wconf 90' lang='lat' dir='ltr'><strong>utilem</strong></span> <span class='ocrx_word' id='word_1_594' title='bbox 1850 5064 1936 5109; x_wconf 88' lang='lat' dir='ltr'><strong>esse.</strong></span> 
     </span>
     <span class='ocr_line' id='line_1_47' title="bbox 280 5140 2347 5237; baseline 0 -28"><span class='ocrx_word' id='word_1_595' title='bbox 280 5151 364 5209; x_wconf 88' lang='lat' dir='ltr'><strong>ratu</strong></span> <span class='ocrx_word' id='word_1_596' title='bbox 386 5142 469 5210; x_wconf 92' lang='lat' dir='ltr'><strong>belli</strong></span> <span class='ocrx_word' id='word_1_597' title='bbox 494 5155 576 5212; x_wconf 90' lang='lat' dir='ltr'><strong>ante</strong></span> <span class='ocrx_word' id='word_1_598' title='bbox 600 5145 805 5237; x_wconf 86' lang='lat' dir='ltr'><strong>proximum</strong></span> <span class='ocrx_word' id='word_1_599' title='bbox 831 5167 895 5211; x_wconf 91' lang='lat' dir='ltr'><strong>ver</strong></span> <span class='ocrx_word' id='word_1_600' title='bbox 911 5144 1033 5236; x_wconf 88' lang='lat' dir='ltr'><strong>perfici</strong></span> <span class='ocrx_word' id='word_1_601' title='bbox 1050 5143 1184 5227; x_wconf 86' lang='lat' dir='ltr'><strong>voluit,</strong></span> <span class='ocrx_word' id='word_1_602' title='bbox 1211 5143 1272 5213; x_wconf 90' lang='lat' dir='ltr'><strong>ad·</strong></span> <span class='ocrx_word' id='word_1_603' title='bbox 1428 5143 1541 5213; x_wconf 88' lang='lat' dir='ltr'><strong>Natus</strong></span> <span class='ocrx_word' id='word_1_604' title='bbox 1557 5155 1610 5212; x_wconf 90' lang='lat' dir='ltr'><strong>est</strong></span> <span class='ocrx_word' id='word_1_605' title='bbox 1623 5142 1892 5212; x_wconf 77' lang='lat' dir='ltr'><strong>Maximilianus</strong></span> <span class='ocrx_word' id='word_1_606' title='bbox 1906 5142 1944 5208; x_wconf 94' lang='lat' dir='ltr'><strong>in</strong></span> <span class='ocrx_word' id='word_1_607' title='bbox 1960 5140 2064 5212; x_wconf 84' lang='lat' dir='ltr'><strong>Nova</strong></span> <span class='ocrx_word' id='word_1_608' title='bbox 2083 5140 2226 5211; x_wconf 82' lang='lat' dir='ltr'><strong>civitate</strong></span> <span class='ocrx_word' id='word_1_609' title='bbox 2241 5142 2316 5209; x_wconf 78' lang='lat' dir='ltr'><strong>An-</strong></span> <span class='ocrx_word' id='word_1_610' title='bbox 2345 5206 2347 5210; x_wconf 87' lang='grc'>,</span> 
     </span>
     <span class='ocr_line' id='line_1_48' title="bbox 281 5234 2338 5339; baseline -0.001 -27"><span class='ocrx_word' id='word_1_611' title='bbox 281 5242 375 5312; x_wconf 91' lang='lat' dir='ltr'><strong>didit</strong></span> <span class='ocrx_word' id='word_1_612' title='bbox 397 5246 599 5329; x_wconf 89' lang='lat' dir='ltr'><strong>decretum,</strong></span> <span class='ocrx_word' id='word_1_613' title='bbox 625 5272 662 5318; x_wconf 91' lang='lat' dir='ltr'><strong>se</strong></span> <span class='ocrx_word' id='word_1_614' title='bbox 679 5246 843 5339; x_wconf 82' lang='lat' dir='ltr'><strong>proxima</strong></span> <span class='ocrx_word' id='word_1_615' title='bbox 862 5241 990 5339; x_wconf 87' lang='lat' dir='ltr'><strong>hyeme</strong></span> <span class='ocrx_word' id='word_1_616' title='bbox 1007 5248 1044 5316; x_wconf 93' lang='lat' dir='ltr'><strong>in</strong></span> <span class='ocrx_word' id='word_1_617' title='bbox 1060 5241 1274 5338; x_wconf 89' lang='lat' dir='ltr'><strong>Epiphaniis</strong></span> <span class='ocrx_word' id='word_1_618' title='bbox 1325 5248 1433 5316; x_wconf 86' lang='lat' dir='ltr'><strong>striae</strong></span> <span class='ocrx_word' id='word_1_619' title='bbox 1448 5244 1506 5315; x_wconf 88' lang='lat' dir='ltr'><strong>Xl.</strong></span> <span class='ocrx_word' id='word_1_620' title='bbox 1525 5244 1600 5315; x_wconf 93' lang='lat' dir='ltr'><strong>Cal.</strong></span> <span class='ocrx_word' id='word_1_621' title='bbox 1614 5251 1702 5337; x_wconf 83' lang='lat' dir='ltr'><strong>Apr.</strong></span> <span class='ocrx_word' id='word_1_622' title='bbox 1725 5242 1816 5314; x_wconf 92' lang='lat' dir='ltr'><strong>hora</strong></span> <span class='ocrx_word' id='word_1_623' title='bbox 1839 5245 1944 5315; x_wconf 89' lang='lat' dir='ltr'><strong>tertia</strong></span> <span class='ocrx_word' id='word_1_624' title='bbox 1966 5269 1985 5312; x_wconf 85' lang='lat' dir='ltr'><strong>a</strong></span> <span class='ocrx_word' id='word_1_625' title='bbox 2011 5244 2180 5327; x_wconf 90' lang='lat' dir='ltr'><strong>meridie,</strong></span> <span class='ocrx_word' id='word_1_626' title='bbox 2206 5234 2338 5314; x_wconf 47' lang='lat' dir='ltr'><strong>Anno*</strong></span> 
     </span>
     <span class='ocr_line' id='line_1_49' title="bbox 282 5343 2315 5444; baseline -0.001 -30"><span class='ocrx_word' id='word_1_627' title='bbox 282 5346 414 5416; x_wconf 90' lang='lat' dir='ltr'><strong>iterum</strong></span> <span class='ocrx_word' id='word_1_628' title='bbox 451 5361 614 5419; x_wconf 89' lang='lat' dir='ltr'><strong>acturum</strong></span> <span class='ocrx_word' id='word_1_629' title='bbox 648 5374 723 5421; x_wconf 88' lang='lat' dir='ltr'><strong>esse</strong></span> <span class='ocrx_word' id='word_1_630' title='bbox 753 5361 989 5434; x_wconf 87' lang='lat' dir='ltr'><strong>conventum,</strong></span> <span class='ocrx_word' id='word_1_631' title='bbox 1028 5350 1075 5419; x_wconf 94' lang='lat' dir='ltr'><strong>ad</strong></span> <span class='ocrx_word' id='word_1_632' title='bbox 1101 5373 1207 5443; x_wconf 89' lang='lat' dir='ltr'><strong>quem</strong></span> <span class='ocrx_word' id='word_1_633' title='bbox 1235 5362 1275 5420; x_wconf 93' lang='lat' dir='ltr'><strong>ut</strong></span> <span class='ocrx_word' id='word_1_634' title='bbox 1326 5345 1622 5431; x_wconf 86' lang='lat' dir='ltr'><strong>M.CCCC.L1X.,</strong></span> <span class='ocrx_word' id='word_1_635' title='bbox 1655 5349 1794 5444; x_wconf 80' lang='lat' dir='ltr'><strong>fuitque</strong></span> <span class='ocrx_word' id='word_1_636' title='bbox 1812 5349 1849 5417; x_wconf 91' lang='lat' dir='ltr'><strong>in</strong></span> <span class='ocrx_word' id='word_1_637' title='bbox 1866 5343 2090 5439; x_wconf 89' lang='lat' dir='ltr'><strong>horoscopo,</strong></span> <span class='ocrx_word' id='word_1_638' title='bbox 2115 5370 2176 5416; x_wconf 91' lang='lat' dir='ltr'><strong>seu</strong></span> <span class='ocrx_word' id='word_1_639' title='bbox 2195 5368 2315 5413; x_wconf 90' lang='lat' dir='ltr'><strong>ascen-</strong></span> 
     </span>
     <span class='ocr_line' id='line_1_50' title="bbox 282 5445 2318 5546; baseline -0.003 -27"><span class='ocrx_word' id='word_1_640' title='bbox 282 5448 470 5542; x_wconf 88' lang='lat' dir='ltr'><strong>Principes</strong></span> <span class='ocrx_word' id='word_1_641' title='bbox 496 5453 667 5522; x_wconf 83' lang='lat' dir='ltr'><strong>afferrent</strong></span> <span class='ocrx_word' id='word_1_642' title='bbox 681 5453 875 5523; x_wconf 88' lang='lat' dir='ltr'><strong>formulam</strong></span> <span class='ocrx_word' id='word_1_643' title='bbox 900 5466 937 5522; x_wconf 91' lang='lat' dir='ltr'><strong>et</strong></span> <span class='ocrx_word' id='word_1_644' title='bbox 959 5455 1106 5524; x_wconf 87' lang='lat' dir='ltr'><strong>modurn</strong></span> <span class='ocrx_word' id='word_1_645' title='bbox 1123 5453 1276 5521; x_wconf 89' lang='lat' dir='ltr'><strong>tributo·</strong></span> <span class='ocrx_word' id='word_1_646' title='bbox 1327 5454 1435 5537; x_wconf 91' lang='lat' dir='ltr'><strong>dens,</strong></span> <span class='ocrx_word' id='word_1_647' title='bbox 1465 5464 1614 5546; x_wconf 90' lang='lat' dir='ltr'><strong>quartus</strong></span> <span class='ocrx_word' id='word_1_648' title='bbox 1630 5452 1762 5545; x_wconf 88' lang='lat' dir='ltr'><strong>gradus</strong></span> <span class='ocrx_word' id='word_1_649' title='bbox 1777 5451 1956 5543; x_wconf 88' lang='lat' dir='ltr'><strong>Virginis,</strong></span> <span class='ocrx_word' id='word_1_650' title='bbox 1982 5450 2078 5520; x_wconf 90' lang='lat' dir='ltr'><strong>unde</strong></span> <span class='ocrx_word' id='word_1_651' title='bbox 2102 5445 2220 5537; x_wconf 90' lang='lat' dir='ltr'><strong>colligi</strong></span> <span class='ocrx_word' id='word_1_652' title='bbox 2234 5447 2318 5516; x_wconf 91' lang='lat' dir='ltr'><strong>reli-</strong></span> 
     </span>
     <span class='ocr_line' id='line_1_51' title="bbox 283 5552 2177 5651; baseline -0.002 -29"><span class='ocrx_word' id='word_1_653' title='bbox 283 5576 365 5623; x_wconf 89' lang='lat' dir='ltr'><strong>rum</strong></span> <span class='ocrx_word' id='word_1_654' title='bbox 383 5556 583 5639; x_wconf 88' lang='lat' dir='ltr'><strong>mandavit,</strong></span> <span class='ocrx_word' id='word_1_655' title='bbox 610 5580 655 5627; x_wconf 94' lang='lat' dir='ltr'><strong>ne</strong></span> <span class='ocrx_word' id='word_1_656' title='bbox 671 5557 707 5626; x_wconf 93' lang='lat' dir='ltr'><strong>in</strong></span> <span class='ocrx_word' id='word_1_657' title='bbox 722 5579 824 5627; x_wconf 88' lang='lat' dir='ltr'><strong>mors</strong></span> <span class='ocrx_word' id='word_1_658' title='bbox 842 5569 959 5629; x_wconf 74' lang='lat' dir='ltr'><strong>cuent</strong></span> <span class='ocrx_word' id='word_1_659' title='bbox 971 5558 1102 5629; x_wconf 86' lang='lat' dir='ltr'><strong>bellum</strong></span> <span class='ocrx_word' id='word_1_660' title='bbox 1118 5567 1276 5626; x_wconf 88' lang='lat' dir='ltr'><strong>moturo.</strong></span> <span class='ocrx_word' id='word_1_661' title='bbox 1329 5579 1482 5651; x_wconf 88' lang='lat' dir='ltr'><strong>quarum</strong></span> <span class='ocrx_word' id='word_1_662' title='bbox 1497 5557 1691 5626; x_wconf 88' lang='lat' dir='ltr'><strong>domorum</strong></span> <span class='ocrx_word' id='word_1_663' title='bbox 1711 5555 1919 5626; x_wconf 88' lang='lat' dir='ltr'><strong>constitutio</strong></span> <span class='ocrx_word' id='word_1_664' title='bbox 1933 5552 2035 5622; x_wconf 90' lang='lat' dir='ltr'><strong>facile</strong></span> <span class='ocrx_word' id='word_1_665' title='bbox 2050 5561 2177 5644; x_wconf 88' lang='lat' dir='ltr'><strong>potest.</strong></span> 
     </span>
    </p>
   </div>
   <div class='ocr_carea' id='block_1_5' title="bbox 1822 5652 1956 5728">
    <p class='ocr_par' dir='ltr' id='par_1_5' title="bbox 1822 5652 1956 5728">
     <span class='ocr_line' id='line_1_52' title="bbox 1822 5652 1956 5728; baseline 0 -23"><span class='ocrx_word' id='word_1_666' title='bbox 1822 5652 1956 5728; x_wconf 52' lang='lat' dir='ltr'><strong>&amp;ps</strong></span> 
     </span>
    </p>
   </div>
   <div class='ocr_carea' id='block_1_6' title="bbox 0 0 2595 6516">
    <p class='ocr_par' dir='ltr' id='par_1_6' title="bbox 0 0 2595 6516">
     <span class='ocr_line' id='line_1_53' title="bbox 0 0 2595 6516; baseline 0 0"><span class='ocrx_word' id='word_1_667' title='bbox 0 0 2595 6516; x_wconf 95' lang='lat' dir='ltr'><strong> </strong></span> 
     </span>
    </p>
   </div>
  </div>
 </body>
</html>
