5125 6525
146 4134 152 4145 '
249 4128 356 4201 niunt
371 4130 384 4196 i
398 4138 559 4210 tantum,
585 4126 669 4198 veli
686 4138 721 4195 et
734 4149 774 4208 e,
801 4137 841 4194 ut

174 560 179 572 .
264 489 343 571 aaa
739 486 744 496 ’
842 486 969 563 auu.
1001 488 1118 564 usu.
1150 486 1356 564 scauri
1387 487 1728 564 rumorosus
1948 427 1950 429 ⁸
2229 498 2310 573 ,ω

469 658 609 729 Casus
635 657 833 747 pluralis
859 662 1047 731 numeri.
1387 713 1389 720 .
1554 656 1722 745 ’ῘὟῗῐΞ
1787 657 1830 731 ll.

361 775 637 859 Nominativus,
679 777 899 849 accusativus
925 791 960 848 et
984 779 1169 852 vocativus
1192 784 1253 852 de·
1409 779 1447 849 Si
1469 778 1686 848 nominativi
1709 780 1840 850 finiunt
1857 780 1995 852 duabus
2013 784 2312 871 consonantibus,

258 889 382 956 sinunt
396 882 434 949 in
452 905 508 963 es,
534 892 574 949 ut
1305 880 1455 975 genitivi
1464 880 1511 969 ⁸')
1528 880 1603 951 ium
1616 882 1772 965 iaciunt,
1799 895 1841 951 ut

619 981 831 1053 Ard⁰¹3⁰¹¹²³
1342 1001 1486 1095 Pars⁸¹)
1513 1001 1675 1072 Partium
1810 1001 1954 1071 urbium

352 1183 355 1188 ¹
559 1158 562 1163 .
620 1081 748 1153 C⁰¹¹⁰⁸·
1260 1161 1264 1168 .
1510 1103 1655 1174 falcium
1809 1104 1994 1197 glandium

357 1206 578 1278 Neutrorum
613 1202 839 1286 terminatio,
874 1218 915 1275 ut
947 1207 1034 1278 alias
1068 1207 1195 1292 etiam,
1231 1232 1251 1278 a
1511 1206 1667 1276 trabium
1809 1206 1983 1276 mercium

258 1309 387 1403 θῦμ’),
413 1321 453 1377 ut
474 1317 631 1397 pectora.
1511 1310 1642 1379 artium
1810 1305 2026 1380 cohortium.

358 1412 429 1481 Sed
455 1405 514 1478 bic
541 1408 783 1476 observabunt
804 1410 925 1500 pueri,
952 1409 991 1480 in
1014 1412 1048 1480 ia
1075 1412 1171 1483 exire
1196 1438 1251 1498 ea,

255 1538 411 1609 quorum
428 1510 577 1581 ablativi
591 1509 803 1580 desinebant
819 1510 857 1579 in
875 1510 889 1577 i
903 1524 1043 1584 tautum
1063 1516 1119 1584 vel
1135 1514 1173 1583 in
1189 1516 1253 1586 iet

256 1643 295 1703 e,
319 1630 360 1688 ut
383 1615 528 1697 mollia,
562 1612 761 1702 vectigalia.
820 1613 970 1685 Praeter
992 1616 1252 1709 comparativa,

254 1734 296 1791 ut
319 1719 491 1800 meliora,
525 1715 705 1805 graviora.
757 1714 904 1787 Veteres
931 1730 1053 1791 tamen
1078 1721 1196 1812 pluria
1216 1734 1252 1791 et

254 1823 358 1915 plura
374 1821 508 1890 dixere.

287 1927 288 1932 ’
357 1921 446 1992 Item
465 1932 586 1990 vetera
602 1931 741 1989 tantum
761 1920 909 2006 dicitur,
935 1947 1012 1992 non
1029 1927 1175 1995 veteria.

359 2026 454 2096 Usus
472 2023 629 2116 aplustra
647 2035 682 2091 et
698 2024 868 2114 aplustria
886 2026 981 2096 lecit.
1747 2025 1859 2114 lll.⁸¹)

359 2125 613 2199 Oboembfflst
644 2139 680 2194 θῑ
710 2126 896 2220 antiquam
918 2122 1183 2222 lehlhffllgum
1212 2130 1250 2198 1¹¹
1407 2145 1479 2215 Ubi
1498 2170 1603 2238 pares
1619 2146 1775 2238 syllabae
1790 2145 1828 2212 in
1845 2143 2071 2213 nominativo
2088 2166 2130 2213 ac
2143 2144 2307 2237 genitivo

255 2231 465 2303 accusativis
486 2229 699 2311 nominum,
726 2254 882 2322 quorum
906 2231 1055 2322 genitivi
1078 2244 1162 2303 siant
1183 2255 1250 2302 no·
1302 2260 1405 2331 suni,
1431 2249 1523 2318 fiunt
1535 2248 1683 2339 genitivi
1700 2243 1763 2340 ρᾶς
1779 2248 1875 2328 ium,
1902 2258 1943 2316 ut

254 2336 431 2407 minativo
449 2332 594 2404 similes.
645 2327 733 2400 Item
755 2357 909 2426 quorum
927 2334 1146 2405 nominativi
1161 2335 1252 2407 desi-

253 2452 347 2510 nunt
364 2439 402 2506 in
420 2438 508 2505 duas
525 2446 782 2517 consonantes,
810 2448 850 2506 ut
943 2463 946 2467 ·
1032 2449 1035 2454 '
1510 2472 1654 2541 aedium
1807 2468 1949 2539 aurium

407 2553 531 2625 Acteis
758 2554 896 2626 ⁰m¹¹⁰l⁵
1510 2574 1648 2644 sedium
1808 2570 1932 2641 Cicero
1948 2574 2120 2642 etsedum
2132 2573 2223 2642 dixit
2234 2597 2305 2667 pro

407 2655 581 2730 salubreis
755 2656 889 2748 parteis
1921 2671 2053 2745 Sextio.

407 2761 513 2830 arteis
755 2757 984 2831 Decembreis
1000 2773 1035 2830 ct
1048 2762 1192 2833 similia.
1383 2777 1485 2848 Adde
1511 2778 1628 2847 litium
1808 2774 1937 2846 ditium

356 2881 486 2952 Graeci
503 2879 694 2949 accusativi
711 2879 918 2950 terminatio
937 2904 976 2951 as
992 2892 1056 2964 est,
1079 2894 1133 2967 ut,
1157 2905 1249 2980 κρα-
1508 2878 1640 2950 virium
1683 2940 1689 2964 ,
1807 2878 1935 2949 salium

252 2990 368 3080 mooe
383 3007 533 3075 magnos
548 2993 726 3065 statuunt,
752 2995 788 3051 et
803 2982 886 3051 vina
904 2996 1092 3055 coronant.
1508 2982 1670 3052 manium
1806 2981 2004 3073 penatium.

588 3152 650 3222 Dc
676 3153 910 3225 Genitivo.
1722 3119 1874 3211 Excipe:

353 3272 584 3348 Terminatio
609 3287 745 3349 ectum
770 3275 827 3345 vel
850 3274 937 3348 ium.
990 3275 1103 3369 Saepe
1126 3288 1245 3346 autem
1505 3237 1639 3309 valum
1804 3241 1975 3310 iuvenum

250 3378 481 3449 mediocriter
513 3377 664 3448 literatis
696 3374 865 3449 nonnihil
897 3377 1034 3472 negotii
1066 3374 1155 3449 baec
1185 3404 1247 3448 va·

250 3483 359 3553 rictas
381 3483 485 3565 facit,
518 3481 783 3566 dubitantibus,
816 3495 897 3551 utra
919 3481 1176 3552 terminatione
1201 3482 1248 3554 sit
1506 3469 1696 3538 Pr⁰⁰⁰¹¹¹¹¹¹
1705 3444 1752 3532 ⁸)
2132 3545 2141 3561 ,
2296 3540 2298 3546 .

249 3587 436 3657 mendum·
1506 3574 1637 3641 apum,
1663 3550 1757 3641 apud
1775 3546 2011 3621 Columellam
2029 3560 2064 3617 et
2083 3569 2204 3638 aprum
2214 3544 2276 3633 ⁸⁸).

352 3686 512 3756 Proinde
546 3683 649 3777 pueri
681 3683 871 3774 diligenter
902 3680 961 3754 bic
983 3686 1246 3756 adsuefaciendi
1400 3669 1502 3738 Adde
1527 3693 1565 3739 ³⁸
1589 3668 1740 3751 mlum,
1766 3667 1914 3738 velem
1937 3666 2033 3735 enlm
2055 3661 2114 3735 bic
2137 3664 2224 3738 ³⁸⁸ss
2244 3665 2302 3736 di·

249 3802 334 3860 sunt
355 3791 403 3859 ad
418 3784 689 3880 perdiscendam
705 3781 812 3856 buius
830 3809 933 3858 casus
947 3786 1169 3859 varietatem.
1299 3772 1438 3842 cebant·
1887 3871 1895 3888 ⁶
2313 3808 2317 3814 ·

707 3918 790 4015 s,
1804 3896 1960 4044 aaa

1401 4092 1458 4164 Sic
1473 4094 1637 4186 gentilia:
1672 4095 1829 4187 Arpinas
1853 4091 2097 4188 Arpinatium.

404 4229 545 4321 Ignium
752 4227 893 4298 utilium
1505 4238 1579 4283 nox
1802 4213 1962 4282 noctium

404 4332 587 4403 foelicium
753 4330 943 4401 audacium
1501 4317 1565 4385 nix
1802 4316 1941 4385 nivium

404 4434 565 4507 amnium
753 4432 975 4527 ancipitium.
1507 4443 1547 4488 os
1803 4419 1936 4489 ossium

350 4558 409 4627 Sic
424 4556 561 4649 reliqua
582 4578 601 4621 a
617 4565 734 4644 caput.
1504 4522 1590 4591 saux
1800 4521 1959 4638 faucium
2183 4617 2192 4636 .
2222 4617 2232 4634 ο

402 4658 638 4749 Sapientiam.
1505 4649 1586 4694 mus
1801 4648 1958 4693 murrum
2002 4621 2099 4739 apud
2134 4618 2298 4736 l'linium

350 4761 624 4853 Nonnunquam
649 4781 807 4853 syncopa
823 4759 864 4827 fit
880 4758 1103 4849 sapientum,
1131 4761 1244 4831 coele.
1889 4747 2056 4842 ‘reperio
2084 4734 2271 4814 scriptum.

250 4877 345 4938 stum
363 4865 460 4955 apud
472 4861 676 4954 Virgilium.
728 4860 923 4930 Parentum
941 4861 1106 4933 usitatius
1122 4874 1185 4932 est.
1503 4850 1586 4896 ⁰³¹'0
1798 4851 1962 4944 ⁰³¹¹¹f⁰¹¹¹

341 4967 483 5058 'Excipe
498 4977 533 5035 et
549 4963 818 5055 comparativa,
841 4961 1037 5035 Maiorum.
1077 4962 1147 5034 Sed
1163 4966 1243 5056 plus
1503 4954 1566 4999 ⁰⁰¹
1800 4933 1973 4999 mulum·
2109 5042 2147 5059 ..

248 5070 406 5165 plurium
420 5070 516 5140 lacit.
907 5095 910 5104 ·
1399 5048 1548 5119 Caetera
1570 5049 1718 5119 nomina
1735 5051 1871 5119 iaciunt
1888 5045 2019 5140 plurali
2037 5057 2198 5138 genitivo
2217 5073 2295 5132 um,

298 5172 344 5243 Et
358 5172 575 5264 composita,
601 5168 808 5250 Artificum,
832 5163 1025 5257 Opificum.
1295 5163 1334 5218 ut

298 5274 384 5346 ltem
401 5276 615 5369 supplicum,
641 5271 803 5362 vigilum,
829 5284 1004 5355 veterum,
1027 5295 1241 5345 memorum.

1326 5382 1375 5450 w)
1394 5381 1521 5450 genitivt]
1542 5383 1625 5434 usito.
1645 5383 1736 5448 tw..
1752 5395 1834 5436 ιω
1858 5380 1991 5447 genitivis

1326 5468 1376 5537 81)
1395 5471 1481 5529 Pars]
1500 5470 1528 5519 ln
1548 5470 1596 5519 Ed.
1614 5481 1638 5518 s.
1653 5480 1679 5519 a.
1703 5469 1791 5522 deest.

280 5573 330 5642 aa)
349 5568 470 5626 otuu·
488 5572 590 5639 sum,
612 5574 724 5638 amp
751 5573 802 5624 na.
819 5584 843 5628 ι.
855 5586 898 5628 cs
929 5575 960 5625 ut
983 5572 1071 5638 artu,
1098 5573 1183 5628 aron
1199 5575 1244 5628 ao
1312 5555 1376 5619 ,8)
1392 5555 1454 5617 uti
1472 5555 1516 5605 ¹¹¹0
1534 5568 1605 5605 son.
1625 5556 1660 5605 ab
1673 5553 1760 5607 ΜΝ,
1784 5554 1870 5620 Μ,
1891 5554 1966 5605 ¹⁵²⁹·
1985 5556 2075 5606 assat.

314 5647 341 5695 A
361 5648 417 5708 sat,
455 5642 460 5651 '
525 5644 529 5661 ¹
612 5649 615 5665 ²
913 5658 917 5667 ¹
1320 5639 1375 5705 ἃ)
1395 5643 1553 5702 prucorum}
1571 5641 1600 5690 ln
1617 5639 1701 5690 ruttt.
1723 5641 1811 5703 tata,
1830 5651 1893 5694 m.
1911 5641 2001 5691 deut.

280 5727 330 5794 aa)
348 5726 384 5796 c]
399 5728 446 5780 au
463 5714 595 5781 aem
612 5724 649 5782 ιι,
665 5728 749 5781 reru.
769 5726 856 5794 soar,
874 5725 953 5783 cata
970 5731 1061 5783 seat.
1328 5723 1379 5792 aa)
1396 5729 1427 5777 ec
1442 5722 1547 5793 estun]
1570 5726 1598 5776 u
1616 5725 1679 5780 rui.
1699 5725 1784 5777 rute
1801 5726 1891 5780 auat.

1731 1446 1882 1539 Excipe:

1510 1566 1690 1658 Hyemum
1808 1564 2014 1658 principum

1510 1669 1733 1758 municipum
1810 1669 2016 1760 mancipum

1510 1771 1689 1862 lorcipum
1809 1772 1960 1863 inopum

1510 1875 1702 1945 coelibum.

1511 2367 1665 2438 Collium
1807 2364 1983 2452 mensium

1506 3367 1636 3413 canum
1806 3367 1916 3434 opum
1955 3393 1958 3402 ·

351 4023 394 4094 ln
416 4025 490 4094 ium
516 4023 684 4111 desinunt
701 4022 844 4106 omnia,
869 4047 1025 4116 quorum
1043 4025 1191 4096 ablativi
1207 4027 1247 4095 li·
