5125 6525
143 364 221 442 444
339 311 341 316 ’
658 357 684 438 ι,
734 361 1027 435 4444444440
1053 359 1297 435 40404444
1323 353 1671 435 repausante..
2108 365 2185 442 444

144 550 251 610 uatus
273 549 327 608 444
348 532 445 607 14444
460 532 641 620 Christus,
669 533 849 607 Dominus
870 535 979 606 totius
994 536 1138 605 univer·
1191 560 1313 628 gressu
1325 534 1450 627 populi
1466 519 1503 603 14
1518 546 1651 603 terram
1669 547 1842 618 sanctam,
1868 540 2043 628 usquead
2063 564 2183 630 regem

144 641 281 725 sitatis,
302 653 337 709 et
349 639 572 731 Redemptor
588 641 771 722 omnium,
799 663 905 733 quem
924 638 960 706 in
975 635 1043 708 boc
1057 641 1138 709 loco
1191 637 1402 722 Ezechiam,
1436 636 1471 708 4.
1487 637 1576 728 ch.
1596 639 1655 707 18.
1708 634 1748 705 ln
1785 632 1853 706 hoc
1887 639 2078 710 intervallo
2109 644 2184 712 fere

143 744 367 815 nasciturum
400 767 476 812 esse
506 743 684 834 praedixit
705 739 866 812 Micheas
892 766 969 833 cap.
988 736 1024 813 5.
1075 740 1140 812 Est
1192 743 1422 811 continuaet
1443 740 1650 831 gravissima
1666 741 1758 809 bella
1778 756 1963 832 gesseruut
1975 770 2055 814 cum
2073 742 2185 815 lsrae-

146 860 266 918 autem
279 841 511 915 Betblacbem
538 847 668 916 domus
689 847 804 938 panis.
857 842 898 913 ln
919 847 1045 913 eodem
1063 846 1138 914 iere
1191 845 1275 914 litis.
1329 843 1510 934 Singulari
1538 855 1657 912 autem
1687 844 1837 912 consilio
1858 843 1927 913 Dei
1955 848 2087 918 lactum
2120 862 2185 932 est,

135 952 229 1019 loco
251 949 320 1019 luit
340 949 407 1017 sita
423 945 677 1032 Betbbacaris,
703 949 741 1016 id
767 962 838 1031 est,
865 951 993 1030 domus
1015 946 1140 1015 vinea·
1191 960 1231 1017 ut
1251 943 1359 1018 huius
1382 948 1496 1037 gentis
1517 946 1678 1038 potentia
1694 961 1838 1038 praeter
1856 962 2014 1023 caeteras
2030 964 2104 1021 tam
2121 952 2184 1021 diu

145 1077 241 1122 rum.
306 1050 390 1120 Fuit
422 1063 540 1121 autem
573 1047 805 1121 Betblacbem
834 1052 951 1141 patria
977 1049 1140 1133 Davidis,
1193 1061 1466 1119 conservaretur
1492 1061 1527 1118 et
1556 1065 1828 1141 propagaretur.
1880 1052 1957 1121 lloc
1985 1056 2080 1122 enim
2105 1068 2184 1123 tan·

146 1156 209 1225 ubi
226 1166 355 1223 unctus
370 1165 424 1223 est
440 1155 478 1221 14
494 1179 612 1245 regem
630 1152 758 1238 144441,
787 1153 922 1244 1.Reg.
939 1154 997 1224 16.
1017 1151 1076 1223 17.
1192 1176 1301 1246 quam
1321 1175 1478 1242 organo,
1502 1149 1743 1221 Israelitarum
1761 1154 1981 1245 impietatem
2000 1170 2036 1226 et
2052 1159 2183 1229 4441444

250 1256 362 1326 444444
382 1258 438 1325 441
457 1255 598 1340 Eunt,
617 1257 758 1328 Turris.
809 1255 941 1325 Ebraei
962 1256 1060 1326 Eder
1082 1254 1140 1322 di·
1192 1256 1321 1347 punire
1337 1252 1452 1338 Deus,
1478 1266 1513 1321 ct
1528 1255 1635 1324 fidem
1654 1280 1817 1325 exercere
1831 1258 1958 1330 voluit.

147 1371 235 1429 cunt
256 1382 398 1449 gregem
423 1361 478 1427 vel
502 1361 691 1430 desectum.
744 1360 822 1427 Hoc
837 1360 917 1427 loco
936 1359 1140 1451 pastoribus
1296 1357 1455 1440 StcLAu,
1482 1356 1549 1425 llic
1563 1354 1740 1427 lrabitavit
1756 1358 1873 1428 David
1891 1384 2026 1432 annum
2046 1374 2081 1430 et
2096 1385 2184 1455 qua-

146 1462 372 1530 nativitatem
393 1458 527 1532 Christi
543 1464 588 1532 ab
603 1462 750 1554 Angelis
765 1462 1016 1532 annuntiatam
1031 1463 1139 1531 fuisse
1193 1472 1277 1529 tuor
1303 1481 1463 1541 menses,
1497 1463 1593 1528 unde
1620 1463 1751 1529 lactum
1774 1476 1825 1532 est
1847 1478 1991 1555 postea,
2026 1476 2068 1533 ut
2087 1461 2184 1534 hunc

146 1564 445 1657 scribuntaliqui.
1191 1564 1312 1633 locum
1333 1587 1436 1653 reges
1460 1559 1546 1629 Iuda
1571 1575 1746 1654 perpetuo
1771 1566 2012 1647 obtinuerint,
2047 1569 2081 1637 1.
2094 1567 2184 1658 Reg.

168 1700 172 1707 ·
251 1665 431 1750 GALGAL,
464 1664 562 1733 Haec.
582 1664 691 1735 dictio
714 1667 890 1757 significat
911 1680 1050 1750 rotam,
1083 1667 1140 1735 441
1191 1665 1254 1740 27,
1287 1664 1385 1733 Η444
1408 1666 1552 1735 absente
1568 1664 1708 1735 11444414
1722 1667 1893 1759 drrrprtur
1915 1670 2184 1780 4444444411444,

147 1767 408 1837 volutationem
435 1781 497 1837 aut
520 1766 884 1841 circumrotationem.
935 1770 1060 1840 Potest
1078 1792 1140 1838 au·
1195 1768 1330 1858 1..Reg
1347 1768 1409 1837 50.

148 1884 222 1938 tem
247 1870 345 1951 fieri,
371 1881 410 1937 ut
430 1870 501 1938 loci
526 1872 719 1961 appellatio
743 1873 826 1942 inde
848 1883 932 1941 nata
949 1874 1014 1957 444
1041 1874 1138 1966 quod
1295 1871 1491 1953 84444444,
1519 1882 1636 1942 custos
1654 1873 1711 1940 vel
1726 1873 1885 1943 custodia
1903 1872 1990 1955 Dei,
2017 1874 2185 1942 excubiae
2285 1901 2289 1910 ⁵

147 1969 274 2055 losue,
294 1975 367 2040 dux
380 1970 540 2054 14444144
565 1998 607 2042 cx
621 1968 676 2044 brs
700 1977 844 2060 castris,
872 2001 973 2070 quasr
989 1974 1140 2058 statrvrs
1192 1972 1281 2058 Dei,
1307 1976 1407 2045 sedes
1430 1995 1553 2063 regum
1575 1971 1703 2059 lsrael,
1730 1977 1793 2070 qui
1817 1976 2045 2068 imperabant
2063 1977 2185 2046 decem
2225 2035 2230 2044 .

148 2097 275 2145 omnes
298 2087 419 2165 gentes
441 2076 578 2147 vicinas
600 2101 665 2168 per
686 2078 803 2169 'girum
827 2079 1055 2149 circumcirca
1080 2080 1140 2146 de·
1193 2077 1377 2162 tribubus,
1403 2099 1494 2170 quae
1511 2077 1555 2145 ab
1572 2077 1740 2171 Hyrcano
1757 2093 1908 2174 aequata
1926 2093 1978 2149 est
1993 2079 2083 2149 solo
2129 2078 2185 2147 Ab

147 2178 293 2246 bellarit
313 2190 349 2244 et
363 2178 500 2262 4444444
527 2192 563 2248 44
575 2205 678 2273 quasr
668 2180 985 2252 circumrotando
1008 2182 1139 2251 contri·
1193 2181 1336 2250 llerode
1353 2178 1571 2268 Antipatri
1559 2193 1780 2264 restaurata,
1805 2193 1930 2251 vocata
1953 2195 2007 2252 est
2028 2181 2185 2251 Sebaste.

148 2263 253 2351 verit.
285 2277 1140 2377 Fixaautemiueruutetprincipalissimabaec
1191 2281 1232 2352 ln
1247 2280 1313 2351 bac
1328 2282 1477 2350 verbum
1493 2279 1643 2354 Domrnr
1658 2285 1880 2374 praedicavit
1893 2282 2102 2377 Pbrlcppus
2128 2283 2187 2353 cui

150 2395 285 2466 castre,
317 2385 432 2451 donec
455 2381 542 2452 baec
563 2396 658 2454 44444
685 2387 723 2455 14
749 2389 797 2461 12
819 2386 935 2457 tribus
957 2387 1069 2455 divisa
1094 2387 1140 2453 ab
1193 2386 1375 2454 adrutores
1390 2384 1489 2452 luere
1504 2383 1632 2454 Petrus
1647 2398 1682 2454 et
1697 2382 1887 2468 lohannes
1906 2388 2036 2457 Act..8
2062 2388 2186 2455 Sama-

147 2434 316 2580 1444411114
336 2486 446 2553 libere
471 2499 707 2577 occuparetur
740 2503 775 2559 et
804 2490 993 2559 coleretur.
1049 2487 1141 2557 Fue·
1193 2488 1269 2556 riae
1286 2486 1529 2555 meminerunt
1550 2486 1585 2557 3.
1598 2485 1687 2578 1143,
1705 2489 1763 2559 18.
1781 2489 1840 2560 19,
1855 2494 1917 2563 22.
1943 2489 1978 2561 4.
1992 2488 2080 2578 Reg.
2096 2489 2133 2559 5,
2149 2481 2185 2557 7.
2313 2469 2319 2478 ⁵

146 2598 237 2655 runt
257 2598 376 2655 autem
398 2587 515 2678 prima
541 2602 675 2673 castra,
710 2615 802 2685 quae
824 2588 950 2662 babuit
971 2591 1080 2661 Israel
1102 2590 1140 2657 in
1196 2590 1331 2661 10.17.

148 2700 245 2757 44444
262 2689 457 2779 promissa,
482 2703 518 2760 et
530 2687 588 2761 bie
603 2694 752 2763 cessavit
766 2694 914 2764 Manna
951 2693 1027 2764 lam
1043 2692 1139 2763 enim
1297 2692 1492 2772 8444444,
1523 2691 1655 2760 dicitur
1675 2694 1925 2762 conflatorium
1945 2695 2001 2764 vel
2017 2706 2186 2786 purgato-

147 2804 268 2860 terrae
284 2792 446 2884 frugibus
461 2818 556 2864 veser
572 2809 777 2888 coeperant
829 2797 896 2867 Η14
918 2797 1027 2866 etiam
1052 2796 1141 2865 cele·
1193 2794 1301 2866 rium.
1348 2793 1441 2865 Nam
1458 2794 1864 2865 Sidoniivitrisaciendi
1882 2796 2060 2866 rationem
2076 2795 2186 2888 primi

147 2896 277 2963 bratur
303 2891 461 2979 Pascha,
502 2909 537 2965 et
565 2898 869 2969 circumciduntur
898 2900 973 2969 lere
1004 2922 1141 2982 omnes,
1192 2898 1432 2979 invenerunt,
1457 2924 1519 2992 qur
1509 2896 2185 2970 ‘ibisuasolficinasconflatoriasha·

148 3019 213 3091 qut
201 2989 423 3067 'Iordanem
447 3001 674 3072 transierant.
726 3003 819 3074 Nam
844 3003 960 3097 quiin
974 3004 1140 3095 Aegypto
1192 3003 1361 3071 buerunt.
1422 3000 1616 3072 Grassante
1644 3003 1739 3071 same
1772 3027 1837 3095 per
1864 3001 2054 3086 Iudaeam,
2088 3002 2186 3071 iussu

150 3112 254 3169 erant
276 3101 496 3186 circumcisi,
522 3102 594 3171 iam
620 3117 725 3174 antea
746 3106 783 3174 in
805 3104 1141 3187 desertoobierant,
1194 3094 1542 3175 drvrnobucmrssus
1558 3104 1746 3174 4441141444
1762 3108 1807 3173 ad
1823 3106 2009 3175 mulierem
2027 3106 2187 3186 viduam,

147 3199 316 3276 144,4,.5
347 3202 512 3274 Eandem
531 3202 640 3278 babes
658 3208 843 3299 Galgalam
867 3210 899 3281 1.
908 3209 996 3300 1143,
1009 3209 1068 3280 11.
1082 3202 1140 3279 15.
1195 3232 1303 3304 uam
1321 3232 1400 3275 cum
1420 3206 1642 3276 filroasame
1658 3219 1694 3276 et
1710 3220 1827 3277 morte
1845 3207 2019 3290 servavrt
2046 3206 2186 3297 8,,1143

148 3302 643 3407 [1.sam.11,15.15,12.]
667 3312 879 3403 2114319,
902 3309 1061 3411 [asam.
1082 3310 1142 3395 19,
1195 3311 1255 3382 17.
1283 3305 1414 3378 Mattb.
1438 3305 1498 3380 15.
1525 3309 1632 3378 etiam
1662 3323 1968 3381 commemoratur
1995 3310 2185 3380 Cananaee

151 3402 236 3509 15.]
256 3403 395 3503 4’1.1143,
412 3410 448 3484 4.
471 3411 627 3513 [21143.
643 3412 680 3498 4,
696 3410 791 3511 88].
1194 3412 1404 3483 muliercula
1423 3411 1627 3505 supplicans
1642 3411 1798 3486 Christo.

250 3515 426 3599 14444440,
455 3518 612 3608 Quidam
629 3530 814 3610 exponunt
828 3518 966 3602 lunam,
993 3516 1140 3611 quidam
1297 3514 1559 3599 CAPERNAUM,
1591 3515 1700 3587 Vicus
1722 3518 1778 3585 441
1801 3541 1886 3607 4344
1908 3540 2092 3586 amoenus.
2144 3512 2186 3583 ln

148 3642 309 3689 mensem
326 3619 383 3686 vel
400 3620 549 3687 odorem
567 3619 652 3691 eius.
704 3619 780 3692 Nos
794 3620 973 3692 malumus
987 3621 1142 3689 retinere
1194 3615 1262 3688 hac
1277 3641 1423 3688 exorsus
1438 3631 1473 3687 et
1486 3617 1648 3690 Christus
1660 3619 1894 3710 Evangelium
1911 3645 2028 3690 suum.
2056 3612 2186 3688 Mattb.

148 3723 364 3792 vocabulum
397 3722 615 3811 fragrantiae
647 3736 794 3815 propter
826 3724 979 3794 balsami
1004 3719 1143 3806 hortos,
1195 3720 1231 3792 4.
1254 3719 1398 3791 'Luc.4.
1418 3734 1453 3789 et
1474 3721 1508 3793 7.
1557 3720 1610 3789 lbi
1635 3725 1730 3790 enim
1753 3723 1840 3793 civis
1861 3722 1948 3805 fuit,
1984 3746 2063 3790 cum
2088 3733 2187 3789 metu

149 3848 243 3920 quos
259 3825 357 3895 solus
371 3824 429 3892 ille
448 3825 547 3895 locus
570 3821 715 3910 babuit,
742 3827 803 3920 qui
828 3840 863 3896 et
886 3827 1051 3918 palmetis
1072 3826 1142 3894 cla·
1194 3824 1370 3907 Herodis,
1398 3825 1461 3919 qui
1482 3820 1679 3895 lobannern
1698 3825 1897 3917 Baptistam
1924 3825 2123 3906 occiderat,
2149 3849 2186 3893 44

145 3952 212 3998 444
234 3935 298 3998 est.
349 3926 455 3997 Unde
471 3928 578 3999 Dent.
594 3927 656 4000 34.
680 3930 882 4021 palmarum
907 3930 1032 4000 civitas
1056 3929 1142 3999 dici-
1194 3927 1285 3999 14444
1300 3928 1518 3997 contulisset.
1567 3926 1849 3999 ldeoaCbristo
1866 3942 1901 3998 et
1917 3928 2099 4020 Apostolis
2115 3926 2187 3995 exi·

147 4044 220 4102 tur.
273 4024 389 4101 Huius
411 4030 480 4099 loci
504 4032 748 4101 meminerunt
768 4031 1141 4106 144.2.6,441441,5.
1195 4031 1310 4122 gitur,
1342 4040 1423 4099 uta
1449 4032 1544 4113 cive,
1576 4028 1798 4102 didrachma.
1850 4030 1966 4101 Huius
1988 4033 2028 4099 fit
2050 4029 2186 4098 mentio

141 4134 287 4226 Ι81143,
307 4135 366 4205 16.
395 4131 552 4232 [11143.
573 4132 729 4233 16,34.]
757 4135 896 4228 441143,
915 4141 951 4210 2.
979 4131 1141 4234 [21143.
1195 4129 1550 4205 Matth.8.11.17.
1586 4135 1700 4206 Marc.
1726 4137 1759 4207 1.
1782 4140 1819 4208 2,
1841 4129 1877 4206 5.
1903 4135 1961 4204 11.
1994 4131 2081 4202 Luc.
2099 4130 2134 4202 4.
2151 4129 2187 4200 7.

148 4241 187 4320 2,
202 4235 238 4309 4.
257 4238 347 4326 18.],
387 4237 500 4309 Filius
514 4238 583 4307 Dei
603 4242 765 4309 surculus
785 4239 1012 4310 saluberrimi
1026 4241 1142 4310 144144-
1193 4236 1319 4307 14444,
1333 4241 1370 4309 2.
1386 4236 1420 4305 6.

146 4343 201 4407 mi
218 4342 329 4423 ferax,
355 4354 458 4410 sanat
471 4336 540 4410 boc
556 4344 634 4410 loco
652 4367 777 4413 coecos
792 4345 954 4414 sedentes
971 4346 1015 4411 ad
1031 4343 1143 4428 viam,
1297 4339 1542 4423 Bn'fflsAtnA,
1576 4341 1612 4408 id
1637 4352 1707 4423 est,
1734 4342 1863 4408 domus
1884 4336 2067 4426 frugifera.
2119 4332 2187 4402 Η14

148 4440 358 4518 1414441420.
390 4443 582 4516 Marc.10.
607 4443 695 4515 Luc.
714 4446 772 4517 18.
824 4447 940 4517 Η4144
967 4446 1076 4516 etiam
1102 4448 1143 4516 114
1194 4444 1271 4513 4441
1294 4455 1378 4512 sunt
1397 4440 1605 4535 Philippus,
1631 4444 1795 4514 Andreas
1818 4454 1853 4511 et
1866 4441 1994 4510 Petrus
2010 4437 2188 4530 Apostoli,

150 4548 287 4616 mentio
305 4547 392 4617 Luc.
409 4547 468 4617 10.
487 4548 598 4619 4419.
618 4551 662 4616 (14
682 4545 859 4619 Zachaeo.
1194 4545 1321 4616 Ioaun.
1341 4550 1376 4617 1.
1426 4545 1542 4617 Huius
1556 4547 1797 4616 meminerunt
1812 4545 1921 4615 etiam
1937 4539 2187 4633 Evangelistae

255 4651 373 4733 GAzA,
399 4652 567 4735 444444,
591 4651 780 4736 4444444,
804 4652 928 4736 Gara,
949 4650 1142 4723 4444444,
1195 4645 1325 4720 Mauh.
1344 4648 1405 4719 11.
1433 4649 1600 4722 Mareu
1800 4668 1802 4672 ·

139 4703 415 4845 ¹llrplieatiorles
438 4754 696 4823 vocabulorum
720 4768 805 4824 sunt
828 4750 909 4826 bae.
961 4755 1060 4825 Gaza
1086 4755 1143 4822 vel
1299 4751 1407 4822 CANA
1431 4768 1573 4834 MAIOR,
1601 4753 1716 4844 patria
1735 4746 2060 4844 syrophoenissae,
2088 4747 2188 4816 cuius

149 4857 225 4927 Aza
256 4855 370 4926 fortis.
423 4856 558 4927 Azotus
589 4857 644 4925 vel
669 4859 792 4926 Asdod
822 4857 1055 4976 depraedatio
1086 4858 1142 4925 vel
1195 4856 1306 4925 filiam
1338 4853 1481 4923 sanavit
1508 4851 1670 4925 Christus
1698 4881 1716 4922 a
1749 4856 1941 4923 daemonio
1974 4846 2103 4920 Mattb.
2127 4843 2187 4920 15,

147 4957 245 5075 ignis
265 4959 395 5029 dilecti.
446 4960 601 5029 Ascalon
624 4970 742 5029 custos
762 4984 853 5051 rgnrs
867 4961 956 5028 vel
944 4984 1037 5052 rgnrs
1052 4959 1142 5027 4414
1195 4957 1383 5038 Maeui.
1409 4958 1453 5023 de
1472 4982 1541 5049 qua
1560 4982 1667 5049 supra
1687 4958 1724 5024 in
1744 4958 1891 5048 Sarepta
1913 4956 2046 5024 dictum
2065 4965 2128 5023 est.

147 5059 259 5130 miae.
312 5057 427 5146 Geth,
452 5061 585 5146 idest,
612 5061 781 5132 torcular.
831 5061 995 5132 Accaron
1015 5062 1143 5134 sterili·
1300 5059 1408 5129 CANA
1429 5076 1574 5142 44414044,
1608 5059 1793 5152 Oppidum
1815 5056 2063 5138 Galilaeae,'
2053 5081 2091 5123 m
2116 5076 2188 5148 quo

148 5174 219 5247 tas,
247 5165 444 5248 enervatio,
471 5166 620 5251 evulsio,
646 5178 804 5235 truncus.
842 5164 1006 5236 Fuerunt
1023 5176 1142 5236 autem
1195 5163 1340 5257 nuptias
1366 5186 1428 5232 sua
1452 5162 1653 5253 praesentia
1678 5174 1714 5231 et
1738 5186 1888 5231 munere
1916 5159 2058 5229 vinario
2083 5181 2189 5226 orna-

142 5262 220 5337 ·ltee
244 5267 457 5359 praecipuae
458 5264 1024 5360 urbesgentistilistinorum,
1050 5293 1143 5363 quae
1196 5262 1439 5337 vitChristus.
1491 5263 1675 5355 Significat
1698 5277 1818 5335 autem
1839 5266 1937 5333 Caua
1961 5262 2190 5341 arundinem,

151 5372 244 5440 adeo
269 5384 354 5441 sunt
380 5383 564 5463 potentes,
597 5385 639 5443 ut
660 5372 727 5442 toti
750 5370 890 5462 regioni
917 5370 1070 5442 14414444
1099 5373 1143 5441 ab
1197 5371 1281 5467 quia
1305 5371 1343 5437 in
1366 5368 1604 5452 arundineto,
1629 5371 1667 5437 id
1688 5380 1762 5452 est,
1786 5366 1996 5438 miserrimis
2016 5363 2190 5434 etruino-

151 5475 315 5570 Aegypto
333 5477 507 5570 usquead
524 5473 755 5545 Phoenicium
772 5499 906 5546 nomen
923 5477 1062 5546 dederit
1075 5476 1145 5544 Pa·
1196 5474 1244 5546 sis
1259 5468 1425 5565 hospitiis
1441 5482 1477 5540 et
1491 5473 1628 5565 politiis
1641 5499 1721 5543 cum
1740 5469 1883 5545 Christo
1899 5492 2031 5562 sponso
2045 5461 2190 5559 nuptias

150 5572 1751 5673 1444441444.1144441444444414444444441441414·441414444114414414,14444,2.
