5125 6525
132 372 211 451 ιεε
335 313 338 319 ’
408 361 469 442 ιιι
520 361 587 437 ou
611 349 889 439 ιιιιειιοιιιι
912 361 980 437 ur
1004 357 1360 439 conomnonu
1386 359 1567 437 maon
1589 361 1636 438 v.
1662 355 1901 439 ειειιιιιε.
1984 387 1986 392 -
2077 331 2176 443 ἐει

132 546 353 641 bbquoque
366 535 593 633 diligentiam
607 549 645 609 et
657 537 764 608 iidem
777 537 1033 631 praestandam
1045 559 1135 622 esse,
1185 535 1293 628 longa
1325 533 1593 628 disputatione,
1634 557 1843 632 quanquam
1877 534 1986 606 etiam
2017 537 2048 608 si
2077 539 2179 610 natio
2294 561 2304 571 ·

134 661 196 734 ut,
225 656 404 742 quamam
428 664 450 712 a
475 641 583 713 nobis
603 639 789 734 provideri
810 650 947 732 potest,
977 640 1135 710 maxime
1185 634 1276 706 nibil
1309 638 1522 730 impediret,
1562 638 1805 715 dissuaderem
1835 634 1932 710 hane
1956 640 2191 716 electionem..

134 753 308 824 idoneum
332 747 527 838 eligamus,
563 767 636 841 qua
658 743 699 814 in
721 767 763 814 re
783 742 941 835 primum
965 736 1134 812 habenda
1183 739 1350 811 Primum
1384 740 1482 811 enim
1515 740 1555 840 in
1581 744 1815 817 Germaniam
1852 747 2084 819 adducendus
2111 746 2182 820 erit

135 867 191 928 est
209 851 306 924 ratio
327 851 448 942 legum
470 858 701 931 nostrarum,
733 858 771 917 et
791 844 1038 917 iurisiurandi.
1085 841 1135 916 Et
1185 841 1323 916 Gallus.
1381 843 1569 937 Quantum
1596 872 1637 919 ea
1665 848 1704 918 in
1734 871 1775 920 re
1798 849 1950 942 periculi
1974 851 2063 936 erit,
2097 874 2180 923 cum

135 956 312 1054 quoniam
327 948 388 1024 hic
404 973 614 1045 congressus
629 950 813 1022 institutus
828 960 894 1032 est,
916 970 993 1018 non
1007 959 1048 1019 ut
1062 947 1135 1020 suf·
1185 945 1360 1016 exercitus
1380 948 1591 1039 peregrinus
1611 950 1847 1025 distribuetur
1873 954 1911 1023 in
1932 955 2042 1025 urbes
2063 950 2181 1046 Impe-

135 1058 250 1153 fragia
274 1059 453 1138 feramus,
485 1058 548 1126 sed
569 1067 612 1126 ut
625 1054 739 1124 libere
754 1051 1025 1145 colloquamur,
1050 1074 1134 1121 cum
1184 1048 1248 1118 rii!
1299 1048 1358 1118 An
1382 1052 1610 1142 superbiam,
1643 1067 1681 1126 et
1698 1055 1865 1129 libidines
1887 1057 2050 1153 equitum
2066 1057 2180 1129 Galli·

137 1164 183 1235 de
203 1161 372 1233 universa
393 1157 595 1251 republica,
616 1168 698 1227 -tum
715 1158 762 1226 de
774 1154 967 1225 electione:
1001 1153 1134 1238 dicam,
1185 1175 1311 1222 eorum
1329 1150 1491 1227 civitates
1504 1156 1645 1228 ferent?
1696 1158 1766 1231 Sed
1781 1160 1879 1230 aliud
1896 1161 2081 1255 impendet
2099 1184 2180 1253 gra·

137 1265 227 1363 quid
242 1259 333 1334 mihi
347 1262 505 1333 maxime
518 1257 921 1351 videaturerepublica
934 1281 1023 1330 esse.
1055 1254 1134 1328 Etsi
1184 1254 1264 1327 vius
1287 1256 1437 1328 malum.
1491 1256 1620 1331 Veniet
1642 1260 1809 1335 inimicus
1829 1262 1984 1350 Carolo,
2011 1265 2110 1359 quod
2132 1287 2179 1334 ne

139 1380 260 1439 autem
290 1365 439 1436 mirifice
468 1386 585 1456 angor
612 1362 736 1433 animo
768 1363 815 1432 de
836 1374 970 1432 eventu
991 1359 1134 1430 electio·
1184 1357 1243 1428 cui
1271 1358 1421 1431 dubium
1455 1358 1523 1443 sit,
1558 1362 1633 1432 iam
1666 1365 1800 1436 bellum
1834 1367 2086 1439 denuntiatum
2114 1377 2179 1453 est,

137 1470 213 1542 nis:
259 1482 382 1542 tamen
419 1463 509 1538 baec
547 1490 606 1538 res
637 1460 807 1536 nonnihil
840 1465 937 1534 levat
969 1463 1132 1534 animum
1185 1459 1334 1557 antiqua
1375 1463 1521 1533 foedera
1563 1464 1865 1558 Burgundionum
1907 1481 1943 1540 ει
1986 1469 2177 1541 Gallorum

137 1596 258 1643 meum
277 1594 384 1655 cura,
414 1572 515 1666 quod
534 1580 641 1639 antea
663 1566 816 1662 polliciti
835 1566 938 1651 estis,
972 1590 1037 1637 vos
1056 1588 1132 1635 non
1183 1563 1351 1636 rescissa.
1393 1564 1535 1635 Bellum
1561 1568 1668 1638 etiam
1687 1569 1842 1665 Neapoli
1857 1573 1990 1643 inferre
2007 1572 2176 1645 decrevit.

138 1674 393 1746 commissuros
413 1697 510 1757 esse,
537 1685 579 1743 ut
592 1670 762 1763 suffragia
777 1668 1000 1741 dissentiant.
1051 1667 1133 1739 Dis-
1183 1662 1309 1761 Itaque
1325 1692 1405 1739 cum
1427 1671 1678 1741 detrectabunt
1691 1672 1884 1767 imperium
1899 1675 2089 1747 Gallorum
2104 1672 2179 1745 Au·

137 1779 275 1871 putabo
298 1777 409 1868 igitur
432 1773 601 1856 liberius,
626 1797 781 1869 vosque,
801 1784 848 1842 ut
870 1772 965 1841 idem
981 1769 1134 1857 faciatis,
1184 1769 1306 1841 striaci
1330 1782 1365 1841 et
1378 1770 1531 1863 Belgae,
1557 1784 1593 1843 et
1614 1769 1800 1847 habebunt
1820 1777 1883 1846 alii
1906 1778 2060 1849 aliorum
2077 1779 2178 1868 prin-

140 1875 327 1950 adhortor.
378 1877 520 1948 Deinde
535 1876 673 1948 collatis
690 1875 942 1968 opinionibus,
967 1874 1044 1945 sine
1058 1873 1134 1967 pri·
1185 1871 1305 1965 cipum
1340 1874 1459 1944 studia
1492 1886 1600 1970 atque
1632 1880 1781 1950 auxilia:
1820 1879 1988 1952 videbitis
2014 1902 2176 1951 arsuram

139 1982 232 2052 vatis
249 1979 451 2065 affectibus,
484 1992 525 2050 ut
544 1982 646 2050 decet
668 1978 868 2072 principes,
901 2002 1056 2072 quorum
1078 2000 1134 2048 sa·
1186 1975 1282 2045 civili
1306 1977 1402 2046 bello
1423 1969 1630 2050 universam
1653 1981 1901 2055 Germaniam.
1952 1983 2070 2053 Porro
2095 2007 2177 2053 cum

138 2085 296 2177 pientiae
319 2095 355 2153 et
376 2083 503 2155 virtuti
524 2084 760 2154 aesomnium
777 2082 1134 2152 maxima'commen-
1185 2078 1255 2148 alia
1286 2080 1391 2152 nobis
1421 2081 1673 2176 prospicienda
1704 2097 1804 2157 sunt:
1846 2100 1922 2157 tum
1952 2082 2023 2155 hoc
2044 2097 2175 2156 natura

139 2190 222 2258 data
244 2198 315 2270 est,
339 2210 452 2256 unam
473 2187 686 2257 sententiam
708 2184 900 2277 eligemus,
926 2208 1019 2278 quae
1036 2184 1134 2254 vide·
1184 2181 1343 2276 primum
1370 2196 1442 2267 est,
1477 2208 1525 2257 ne
1555 2200 1679 2258 nostra
1706 2189 1831 2260 electio
1854 2189 1957 2260 civile
1979 2189 2114 2260 bellum
2138 2187 2176 2257 in

140 2290 238 2360 bitur
248 2288 437 2361 utilissima
456 2290 647 2360 universae
660 2288 881 2380 reipublicae
895 2284 1133 2359 Christianae.
1185 2283 1381 2356 Germania
1404 2290 1588 2359 accendat.
1640 2288 1716 2359 lam
1738 2292 1768 2363 si
1786 2291 1930 2363 Gallum
1953 2292 2178 2383 elegerimus,

141 2392 315 2464 Existimo
341 2417 407 2463 vos
433 2415 559 2461 omnes
591 2394 635 2461 de
660 2391 775 2461 tribus
800 2390 985 2461 sententiis
1012 2391 1133 2482 dispu-
1185 2388 1369 2479 oportebit
1386 2412 1454 2459 nos
1470 2390 1640 2483 suffragia
1656 2407 1779 2464 nostra
1796 2395 1901 2467 tueri.
1953 2394 2028 2463 Ubi
2044 2395 2074 2465 si
2089 2394 2178 2464 inci·

139 2509 233 2566 ture:
261 2517 309 2563 an
324 2517 387 2564 rex
401 2494 540 2565 Galliae
554 2493 600 2564 εἱι
616 2494 662 2563 ad
676 2490 871 2585 Imperium
888 2493 1134 2574 accersendus,
1184 2491 1245 2558 det
1259 2490 1437 2560 discordia
1454 2516 1535 2561 cum
1549 2491 1769 2582 Austriacis,
1793 2519 1880 2566 num
1898 2518 1998 2566 arma
2013 2519 2177 2587 geremus

140 2609 204 2669 aut
222 2596 374 2667 Garolus
396 2595 475 2666 Rex
494 2595 710 2687 Rispaniam
753 2617 801 2664 an
824 2617 911 2664 vero
934 2594 1046 2665 satius
1074 2594 1133 2678 sit,
1184 2593 1231 2661 ad
1249 2593 1526 2686 opprimendam
1542 2598 1690 2668 domum
1708 2597 1900 2670 austriae?
1944 2598 2177 2672 Necnosve-

140 2700 298 2795 aliquem
329 2699 458 2792 eligere
482 2723 525 2768 ex
547 2698 697 2769 caeteris
719 2698 938 2770 Germaniae
959 2696 1133 2789 principi·
1184 2707 1242 2765 tus
1270 2696 1516 2781 necessitudo,
1552 2723 1619 2769 nec
1644 2701 1828 2794 sanguinis
1852 2700 2078 2785 coniunctio,
2110 2723 2177 2770 nec

138 2804 224 2886 bus,
257 2800 321 2897 qui
342 2802 475 2872 virtute
496 2814 532 2872 et
554 2802 716 2892 potentia
738 2801 818 2872 aliis
843 2801 1054 2871 antecellere
1080 2799 1133 2868 vi-
1183 2797 1314 2868 merita
1340 2811 1377 2869 et
1404 2799 1576 2873 nobilitas
1603 2803 1732 2876 domus
1756 2803 1986 2890 Austriacae,
2020 2803 2177 2899 denique

140 2908 280 2976 deutur.
319 2903 375 2975 De
392 2900 449 2977 bis
464 2904 632 2976 omnibus
646 2927 824 2997 exponam
839 2903 998 2974 breviter
1013 2925 1132 2973 meam
1184 2923 1260 2970 uon
1277 2900 1517 2973 Maximiliani
1538 2928 1681 2992 manes,
1708 2931 1728 2976 a
1745 2919 1847 2978 tanto
1868 2910 2000 2979 scelere
2020 2910 2178 2978 deterre·

140 3008 363 3102 opinionem.
1184 3002 1298 3075 bunt?
1355 3004 1496 3076 Deinde
1525 3010 1704 3100 oppressis
1721 3010 1939 3095 Austriacis‚
1972 3035 2019 3080 an
2042 3008 2177 3106 putatis

241 3110 298 3181 De
311 3110 418 3182 Gallo
441 3109 600 3181 arbitror
620 3133 688 3181 nos
709 3108 879 3202 impediri
900 3109 1034 3181 nostris
1046 3108 1133 3201 legi-
1183 3107 1385 3178 libertatem
1402 3110 1551 3181 caeteris
1566 3113 1789 3206 principibus
1810 3114 1849 3182 in
1868 3126 1947 3183 tuto
1971 3111 2075 3182 fore?
2125 3109 2178 3181 Ut

138 3216 226 3300 bus,
251 3227 288 3286 et
308 3212 556 3286 iureiurando.
606 3210 671 3285 Est
693 3212 789 3283 enim
811 3212 941 3284 diserte
961 3211 1133 3284 constitu·
1183 3209 1433 3281 Mediolanum
1458 3236 1532 3283 non
1557 3216 1686 3286 reddet
1702 3239 1863 3310 unquam
1879 3214 2089 3299 Germanis,
2113 3211 2177 3299 ita,

139 3332 235 3404 tum,
267 3341 314 3388 ne
336 3331 481 3403 extero,
512 3319 576 3389 sed
595 3316 815 3388 Germanico
839 3315 998 3409 principi
1020 3316 1134 3408 impe·
1183 3313 1246 3383 ubi
1260 3315 1415 3405 poterit,
1441 3316 1628 3386 Gallorum
1648 3319 1846 3410 potentiam
1866 3318 2020 3410 augebit.

139 3422 234 3493 mum
267 3423 579 3504 commendemus,
602 3414 658 3488 'ne
690 3413 925 3488 hortantum
954 3420 1060 3488 decus
1086 3420 1134 3488 ad
1274 3411 1387 3487 'Nihil
1417 3442 1474 3487 me
1507 3419 1567 3486 illa
1600 3422 1787 3512 magnilica
1819 3422 1995 3514 promissa
2017 3431 2176 3504 movent,

141 3539 278 3597 exteras
298 3525 464 3594 nationes
489 3521 746 3604 transferatur,
776 3533 901 3589 etnon
917 3519 1134 3591 modoGer·
1185 3519 1455 3613 quaeaudistis.
1497 3520 1580 3593 Non
1595 3537 1721 3614 pacta,
1746 3548 1822 3595 non
1837 3526 1931 3617 leges
1947 3523 2176 3616 plusvalent,
2302 3558 2304 3562 ·

140 3629 262 3705 mania
285 3627 407 3697 veniat
431 3625 472 3693 in
492 3625 720 3710 servitutem,
747 3625 810 3695 sed
835 3623 943 3694 etiam
965 3620 1133 3709 initalia,
1185 3644 1294 3714 quam
1312 3622 1512 3707 iracundia,
1537 3626 1716 3717 superbia,
1740 3627 1890 3698 ambitio
1904 3626 2062 3696 victoris.
2101 3625 2177 3696 Sci·

141 3744 204 3803 aut
219 3738 315 3802 statu
330 3727 528 3812 Ecclesiae,
553 3726 706 3798 mutatio
721 3738 903 3821 sequatur.
955 3726 1030 3798 Nec
1045 3749 1132 3796 vero
1184 3749 1264 3795 mus
1278 3724 1422 3796 Gallum
1444 3727 1481 3795 in
1494 3729 1632 3818 patria,
1659 3754 1768 3823 quam
1784 3743 1914 3801 natura
1932 3752 2055 3798 amare
2070 3730 2176 3799 debe·

140 3833 291 3903 dubium
326 3845 399 3917 est,
438 3830 575 3923 Regem
601 3830 779 3901 Gallicum
804 3852 880 3901 esse
900 3828 1131 3923 peregrinum
1182 3827 1257 3909 bat,
1284 3831 1458 3921 quosdam
1476 3829 1548 3898 iam
1567 3831 1788 3924 principatus
1806 3834 1979 3926 rapuisse,
2003 3832 2175 3926 brevique

140 3934 362 4028 principem,
386 3945 423 4004 et
445 3958 488 4004 eo
513 3944 681 4027 appetere
702 3929 771 4003 hoc
791 3932 994 4024 fastigium,
1026 3945 1068 4003 ut
1085 3934 1133 4003 ad
1184 3930 1348 3999 orbatam
1363 3932 1530 4004 videbitis
1546 3934 1768 4028 principibus
1784 3937 1989 4007 universam
2005 3934 2175 4006 Galliam.

140 4064 224 4111 suos
247 4038 461 4122 transferat,
486 4036 578 4108 sicut
600 4036 694 4106 idem
720 4034 875 4107 maiores
896 4035 1006 4127 ipsius
1026 4057 1132 4129 saepe
1182 4030 1247 4104 Est
1263 4035 1413 4104 omnino
1431 4035 1556 4108 Gallus
1572 4039 1708 4110 excelso
1735 4038 1857 4109 animo
1881 4039 2083 4131 praeditus;
2113 4038 2175 4108 sed

140 4142 251 4214 armis
266 4143 363 4213 adse
378 4135 563 4212 retrabere
579 4139 808 4210 conatisunt.
847 4138 922 4210 Nec
941 4139 1018 4211 sine
1035 4163 1132 4209 acer·
1183 4135 1291 4207 nimis
1309 4138 1459 4231 cupidus
1476 4136 1722 4212 Monarchiae.
1774 4142 1849 4214 Nos
1867 4155 1986 4213 autem
2003 4140 2073 4211 nisi
2089 4139 2196 4209 Ari·¹

141 4245 243 4317 riusis
264 4243 579 4327 dimicationibus,
612 4242 763 4313 Carolus
782 4240 949 4326 Crassus,
976 4255 1011 4313 et
1026 4239 1132 4313 Otto-
1183 4239 1390 4310 stocratiam
1421 4242 1624 4334 principum
1650 4244 1688 4313 in
1710 4244 1905 4316 Gennania
1933 4242 2034 4313 omni
2058 4240 2175 4311 consi·

139 4371 225 4431 nes,
254 4347 513 4440 possessionem
536 4343 684 4438 imperii
703 4344 742 4414 in
756 4344 951 4417 Germania
974 4343 1132 4415 retinue·
1182 4341 1252 4428 lio,
1285 4345 1453 4416 omnibus
1474 4345 1610 4418 viribus
1634 4370 1676 4415 ac
1702 4345 2044 4431 nervistuebimur:
2079 4343 2175 4412 male

140 4463 237 4522 runt.
287 4451 397 4544 Quod
420 4463 540 4522 autem
560 4447 674 4544 aliqui
692 4448 851 4519 referant
865 4451 1042 4519 vetustam
1060 4446 1132 4517 ori·
1183 4446 1409 4519 consulemus
1430 4449 1620 4519 universae
1643 4448 1855 4542 posteritati.
1919 4448 2041 4518 Minus
2065 4445 2172 4516 etiam
2278 4456 2280 4461 '

139 4555 260 4647 ginem
286 4553 510 4624 francorum
537 4552 676 4644 Regum
709 4552 756 4620 ad
780 4551 1006 4634 Germanos,
1042 4545 1131 4621 haec
1182 4562 1330 4620 movent
1353 4575 1411 4621 me
1432 4550 1493 4620 illa
1518 4551 1672 4643 gloriosa
1699 4551 1875 4644 promissa
1900 4550 2062 4621 debello
2079 4548 2175 4621 Tur·

138 4657 275 4728 leviora
299 4669 404 4741 sunt,
438 4678 548 4750 quam
568 4668 610 4726 ut
631 4653 810 4748 principes
831 4665 932 4725 tanta
955 4652 1130 4745 sapientia
1183 4652 1231 4723 cis
1250 4653 1451 4726 inferendo.
1503 4653 1679 4750 Equidem
1704 4679 1859 4746 agnosco
1883 4653 2173 4725 coniunctionem

140 4772 176 4831 et
198 4760 375 4853 gravitate
396 4758 580 4850 praeditos
604 4781 750 4828 movere
772 4758 938 4829 debeant.
989 4755 1131 4828 Consti·
1182 4754 1418 4840 Germaniae,
1443 4754 1586 4841 italiae,
1618 4770 1652 4828 et
1671 4758 1832 4841 Galliae,
1858 4782 2029 4849 magnum
2056 4780 2098 4824 ac
2117 4780 2173 4828 sa·

139 4863 232 4935 tutio
247 4864 405 4956 postulat
420 4860 528 4931 talem
546 4859 648 4952 eligi,
673 4860 736 4955 qui
755 4885 838 4931 vere
854 4861 901 4933 sit
918 4856 1045 4932 haeres
1065 4859 1131 4931 ali·
1182 4858 1298 4929 lutare
1327 4861 1545 4953 praesidium
1566 4859 1734 4954 Europae
1756 4885 1852 4945 esse,
1884 4860 1913 4933 si
1937 4860 2018 4955 quis
2036 4871 2175 4931 teneret

140 4964 243 5037 cuius
270 4964 437 5048 ditionis,
470 4986 563 5058 quae
587 4956 671 5032 huic
691 4975 817 5034 nostro
837 4959 994 5055 Imperio
1015 4976 1130 5056 paret.
1181 4973 1327 5055 pacatas
1354 4975 1390 5032 et
1410 4964 1626 5047 obedientes.
1700 4965 1771 5034 Sed
1794 4965 1918 5034 Gallus
1938 4958 2029 5033 nihil
2051 4984 2174 5053 gerere

139 5066 288 5165 Alioqui
312 5069 342 5141 si
362 5069 446 5137 illae
461 5079 599 5138 veteres
613 5065 757 5135 fabulae
773 5066 886 5138 Gallis
901 5066 1131 5157 patrocinan-
1182 5068 1354 5137 adversus
1390 5065 1527 5138 'furcas
1561 5062 1624 5138 aut
1654 5068 1770 5150 volet,
1816 5080 1878 5139 aut
1908 5067 2060 5160 poterit,
2104 5063 2174 5137 nisi

139 5184 220 5255 tur,
245 5170 395 5264 perinde
408 5182 581 5263 poterunt
604 5166 769 5239 a'l'urcis
781 5168 933 5238 Troiam
954 5180 1131 5263 repetere,
1182 5169 1283 5261 prius
1309 5169 1454 5239 domitis
1476 5169 1513 5238 in
1530 5170 1723 5239 Germania
1739 5170 1876 5262 Belgis,
1909 5169 1947 5238 in
1968 5167 2067 5238 ltalia
2087 5191 2174 5237 vero

139 5287 247 5371 atque
277 5273 426 5344 anobis
451 5272 660 5366 imperium:
705 5271 789 5365 quia
813 5266 1005 5365 perbibent
1025 5296 1062 5344 se
1085 5274 1130 5341 ab
1182 5284 1391 5364 temperata
1406 5270 1573 5364 Neapoli.
1626 5274 1698 5345 llas
1715 5278 1760 5342 ad
1783 5298 1839 5344 res
1857 5296 1999 5341 armare
2015 5272 2173 5351 Gallum,

138 5377 304 5450 Hectoris
337 5377 411 5446 lilio
445 5389 545 5448 ortos
575 5400 662 5446 esse.
721 5373 812 5446 Cum
845 5374 955 5465 igitur
982 5388 1131 5459 constet,
1182 5372 1251 5445 hoc
1275 5387 1350 5458 est,
1377 5378 1422 5443 ad
1444 5376 1585 5444 crudele
1607 5377 1738 5446 bellum
1762 5377 1800 5444 iu
1816 5376 1894 5469 ipso
1913 5374 2065 5465 imperio
2081 5370 2172 5439 cxci·

138 5481 280 5555 excludi
305 5480 483 5552 Gallicum
517 5479 652 5570 Regem
685 5477 940 5550 constitutione
975 5479 1131 5572 publica,
1181 5479 1346 5567 tandum,
1368 5490 1492 5549 nostra
1509 5479 1683 5551 autoritas
1699 5502 1928 5574 nequaquam
1944 5476 2059 5545 debet.
2095 5470 2172 5543 Nec

140 5610 251 5681 quam
266 5585 375 5656 iurati
392 5583 431 5654 in
446 5582 619 5685 electione
635 5582 839 5678 sequimur:
864 5577 955 5653 nibil
970 5605 1062 5674 opus
1078 5594 1132 5652 est
1182 5595 1246 5667 εει,
1263 5583 1362 5676 quod
1377 5578 1468 5652 mibi
1484 5582 1672 5676 quisquam
1691 5580 1837 5652 obiiciat
1853 5575 2041 5648 vaticinari
2054 5598 2111 5644 me
2127 5574 2172 5645 ‹le
