5125 6525
359 529 363 540 .
395 485 472 561 488
530 514 533 518 ·
573 493 577 499 “
846 515 851 526 ·
1016 477 1141 553 Pulli.
1167 475 1282 553 MEL.
1308 475 1512 553 sctum
1537 477 1808 554 maronica
2101 507 2103 514 ·
2357 473 2441 551 tot

396 681 521 729 omnes
536 654 652 728 dictae
666 653 885 739 sententiae,
909 666 953 724 ut
968 663 1166 746 prorogato
1182 651 1241 722 die
1256 651 1387 724 suffra·
1438 651 1591 739 virtute,
1617 658 1750 746 'postea
1773 651 1976 724 Germanos
2003 647 2106 743 quasi
2134 646 2355 743 usucapione
2381 673 2442 722 re·

395 760 569 854 gationis,
594 758 768 852 postridie
785 757 831 828 ad
844 756 1139 827 deliberationem
1159 753 1388 826 conveniant.
1439 767 1578 827 tentum
1593 755 1804 850 possedisse.

395 859 534 932 Interea
561 874 738 933 venerant
749 860 977 951 Moguntiam
1002 858 1109 951 legati
1124 857 1246 928 Caroli
1260 853 1388 927 Archi-

396 965 496 1036 ducis
518 963 685 1036 Austriae
716 976 752 1034 et
779 961 1030 1054 Burgundios,
1070 972 1105 1030 et
1129 959 1237 1052 Regis
1258 960 1389 1051 Rispa-

395 1067 496 1138 niae:
528 1062 736 1138 Matthaeus
755 1063 953 1156 Episcopus
968 1062 1161 1135 Gurcensis
1175 1061 1389 1144 Cardinalis,

395 1167 601 1240 Eridericus
619 1168 748 1240 Comes
761 1166 949 1237 Palatinus
965 1163 1049 1235 Dux
1068 1165 1265 1250 Bavariae,
1293 1163 1390 1235 Casi-

394 1273 512 1344 mirus
533 1268 696 1342 Marchio
715 1267 1094 1362 Brandenburgensis,
1126 1267 1304 1338 Henrieus
1322 1265 1390 1337 Co·

397 1399 472 1446 mes
494 1374 722 1457 Nassaensis,
763 1368 879 1442 ethis
907 1370 1067 1440 adiuncti
1099 1369 1296 1458 consiliarii
1326 1368 1391 1438 ali·

397 1488 499 1571 quot.
539 1475 586 1545 Hi
605 1475 754 1546 nomine
770 1474 878 1565 Regis
894 1471 1016 1543 Caroli
1034 1473 1193 1545 modeste
1209 1474 1391 1565 petebant,

395 1591 438 1649 nt
457 1579 533 1650 eius
555 1578 595 1647 in
617 1578 792 1648 electione
816 1576 910 1647 ratio
926 1571 1140 1658 haberetur,
1166 1575 1341 1670 quoniam
1357 1585 1392 1642 et

395 1681 518 1750 indole
544 1683 589 1749 ad
613 1683 783 1749 virtutem
811 1677 951 1769 egregia
976 1690 1086 1760 esset,
1121 1690 1156 1747 et
1177 1678 1389 1769 religionem

398 1805 440 1852 ac
460 1781 634 1853 iustitiam
658 1803 801 1852 summo
823 1780 942 1851 studio
966 1782 1117 1862 coleret,
1149 1792 1280 1850 natura
1304 1803 1391 1848 vero

1543 908 1729 1002 Quantum
1755 930 1842 977 vero
1866 902 2044 997 profuerit
2067 901 2273 974 coniunctio
2297 901 2439 976 Galliae

1441 1023 1478 1082 et
1493 1010 1711 1082 Germaniae
1727 1008 1854 1090 initio,
1880 1007 1963 1076 iride
1980 1004 2163 1077 aestimari
2179 1029 2305 1097 posse,
2325 1008 2439 1103 quod,

1442 1139 1521 1183 cum
1550 1112 1689 1183 ltaliam
1716 1112 1803 1182 alibi
1829 1107 2001 1182 Saraceni
2031 1108 2315 1200 popularentur,
2350 1108 2438 1182 alibi

1443 1241 1528 1286 vero
1549 1214 1785 1308 Longobardi
1805 1237 1879 1283 non
1903 1212 2064 1282 contenti
2084 1210 2214 1282 linibus
2236 1211 2330 1294 suis,
2361 1210 2439 1282 Ro-

1443 1343 1539 1387 mam
1557 1318 1671 1411 ipsam
1693 1342 1811 1387 arcem
1827 1328 1862 1385 et
1880 1327 1988 1408 caput
2008 1309 2204 1384 Christiani
2223 1313 2380 1387 nominis
2396 1314 2439 1384 in

1441 1419 1610 1512 Europa,
1634 1421 1672 1489 iii
1688 1419 1912 1491 barbaricam
1928 1417 2137 1488 servitutem
2152 1415 2314 1509 redigere
2329 1440 2438 1487 cona·

1442 1536 1583 1593 rentur:
1618 1521 1680 1592 diu
1703 1534 1891 1616 quassatae
1906 1517 2029 1590 ltaliae
2043 1514 2134 1591 haee
2147 1545 2219 1592 una
2235 1543 2313 1604 res,
2340 1518 2439 1592 vide·

1442 1626 1525 1696 licet
1547 1625 1752 1696 coniunctio
1775 1624 1914 1696 Galliae
1943 1635 1979 1693 et
2002 1621 2240 1706 Germaniae,
2273 1632 2437 1715 optatam

1442 1752 1566 1821 pacem
1583 1727 1761 1811 attulerit,
1788 1750 1880 1822 quae
1896 1725 2043 1796 duravit
2059 1749 2173 1796 annos
2190 1727 2438 1808 feretratum,

1443 1833 1564 1925 quoad
1587 1830 1722 1900 familia
1745 1829 1866 1924 Pipini
1888 1840 1923 1898 et
1946 1827 2068 1898 Caroli
2092 1827 2285 1920 imperium
2308 1827 2437 1900 tenuit.

1442 1933 1616 2004 Defensas
1645 1957 1720 2005 esse
1754 1946 1817 2002 aut
1845 1944 1989 2024 pacatas
2015 1954 2034 1999 a
2063 1930 2169 2001 nobis
2195 1931 2437 2002 communiter

399 2088 556 2173 tudinis,
591 2101 627 2159 et
646 2087 825 2159 felicitatis
848 2112 933 2159 suae
955 2088 995 2157 in
1019 2087 1236 2181 occupandis
1262 2087 1391 2178 Hispa·
1443 2049 1479 2155 ei
1497 2033 1998 2155 ³¹i³³r⁰gf⁰¹¹²⁸if¹E¹¹r⁰P³²
2033 2033 2230 2105 smmum
2248 2057 2291 2152 ἦ*
2307 2031 2438 2126 Hi⁸1¹³·

397 2192 482 2262 niae
506 2190 638 2282 regnis.
690 2189 854 2285 Cumque
874 2192 919 2261 de
941 2191 1017 2262 eius
1037 2190 1183 2283 ingenio
1205 2214 1285 2283 spes
1301 2201 1392 2260 esset
1441 2139 1699 2210 ¹¹¹²‘ff¹¹⁵⁰⁸¹¹¹
1713 2137 1882 2221 G³¹¹¹³¹¹¹’
1902 2138 2221 2230 f¹¹¹⁸⁸⁰¹²P¹⁸⁸⁵⁰⁸i
2245 2136 2436 2216 hbe-‘³¹²⁰‘

400 2294 554 2387 optima:
595 2291 860 2386 pollicebantur
884 2293 1106 2385 potentiam,
1142 2316 1213 2388 qua
1241 2291 1391 2362 caeteris
1442 2241 1675 2360 Germamain
1693 2240 2076 2384 ieu⁰feflu⁰⁰⁰mm⁰
2111 2239 2436 2359 ‚sedinmqmm’

1442 2369 1538 2414 nunc
1559 2370 1714 2415 maxime
1736 2345 1932 2435 optandam
1948 2365 2022 2413 esse
2040 2355 2328 2413 coniunctionem
2348 2339 2438 2414 Gal·

398 2395 621 2490 principibus
649 2397 895 2481 antecelleret,
931 2396 1089 2465 futuram
1111 2419 1187 2466 esse
1209 2393 1390 2487 praesidio
1441 2446 1513 2517 liae
1542 2459 1577 2516 et
1600 2447 1816 2518 Germaniae
1854 2448 1901 2516 ad
1932 2470 1970 2515 re
1997 2445 2197 2516 timendam
2228 2443 2435 2516 barbariem

399 2497 630 2580 Germania*
651 2497 876 2618 fiunivem
893 2498 1035 2567 mini
1050 2494 1268 2618 cidiiim'
1318 2498 1392 2568 Μ’
1443 2527 1633 2620 'l'urcicam
1706 2548 1846 2621 Tenere
1881 2471 2001 2620 anterii
2033 2547 2088 2618 Re
2113 2573 2168 2618 em
2203 2545 2433 2618 Franciscum

398 2599 597 2670 monebant
614 2611 722 2669 etiam
737 2599 941 2684 Electum,
966 2600 1254 2670 aMaximiliano
1275 2598 1391 2719 lmpe·
1443 2652 1551 2723 etiam
1587 2600 1721 2724 boimm
1753 2650 1876 2724 ltaliae
1901 2665 2062 2747 partem,
2089 2573 2134 2723 get
2157 2647 2290 2721 habere
2314 2649 2434 2722 ‘mdia

397 2716 520 2774 ratore
540 2714 711 2793 nepotem
737 2701 823 2794 ipsis
844 2705 1135 2773 commendatum
1163 2727 1258 2787 esse,
1291 2727 1392 2772 euius
1442 2755 1665 2849 reliquorum
1696 2752 1883 2828 Italorum·
1951 2754 2102 2847 semper
2134 2753 2291 2825 Gallicos
2320 2751 2435 2846 Regu

381 2804 574 2880 ·¹¹¹⁶¹⁰⁰‘i³
590 2805 697 2897 i1³³³3⁸2
721 2816 872 2898 P¹⁰P¹²¹
888 2807 1115 2877 ”tenentem
1130 2806 1206 2878 ‘3¹¹⁸
1220 2806 1390 2925 virtuoein
1441 2856 1645 2928 Romanam
1664 2862 1783 2929 sedem
1800 2857 1975 2951 singulari
1995 2857 2128 2951 pietate
2143 2868 2331 2928 veneratos
2348 2880 2436 2928 esse.

399 2906 684 3027 impin-iim
711 2908 912 3027 grimm?
927 2919 1029 2980 ‘mi'
1080 2909 1199 2977 Tama
1216 2920 1391 3027 immin
1443 2960 1565 3054 Quare
1595 2974 1631 3031 et
1661 2985 1744 3054 erga
1775 2961 1909 3052 Regem
1939 2959 2169 3032 Franciscum
2197 2971 2232 3031 et
2255 2959 2435 3032 Gallicum

399 3009 649 3082 Maximiliano
671 3023 828 3102 gravitas
851 3012 939 3095 init,
972 3023 1093 3082 tantus
1120 3033 1224 3080 amor
1252 3023 1391 3102 patriae
1441 3087 1576 3133 nomeu
1602 3063 1777 3157 optimam
1800 3089 1874 3136 me
1891 3060 1963 3135 hoc
1982 3076 2145 3158 tempore
2163 3047 2437 3156 Roman-ium·

398 3126 435 3184 ‘i
450 3111 810 3236 ‘mimmiifflimis'
834 3125 895 3199 ω’
918 3112 988 3184 nid
1002 3115 1191 3233 Μωδεεῖ.
1204 3112 1390 3203 ingenium
1442 3165 1546 3237 tificis
1568 3167 1808 3238 voluntatem·
1841 3191 1908 3238 nec
1930 3191 2017 3239 vero
2041 3167 2146 3238 aliam
2164 3165 2274 3236 ullam
2292 3163 2436 3236 ostendi

396 3227 559 3308 nepotis,
589 3228 626 3287 et
649 3218 840 3289 iudicasset
860 3217 1087 3310 profuturam
1112 3218 1193 3287 orbi
1210 3229 1390 3286 terrarum
1799 3219 1809 3248 '

398 3318 610 3415 electionem
636 3319 768 3413 ipsius,
799 3344 876 3389 non
898 3320 1008 3391 suerit
1022 3344 1103 3391 eum
1120 3322 1392 3391 commendatu-

396 3444 461 3495 rus
480 3420 718 3495 Electoribus.
769 3421 868 3493 Haec
890 3447 970 3494 eum
993 3423 1099 3515 legati
1114 3422 1295 3495 Austriaci
1310 3421 1392 3492 Ele·
1443 3476 1572 3567 opibus
1590 3473 1734 3563 Iuliae,
1759 3476 1916 3563 Galliae,
1950 3489 1986 3548 et
2008 3475 2224 3549 Germaniae
2245 3499 2305 3546 m
2327 3472 2435 3547 mci·

393 3526 556 3597 'ctoribus
589 3525 865 3616 significassent,
904 3538 1028 3617 postea
1061 3524 1272 3619 Moguritiae
1309 3549 1390 3595 cum
1470 3580 1479 3595 .
1596 3606 1599 3614 Ι
1813 3581 1821 3597 .
2310 3576 2320 3593 .

1442 3591 1575 3672 piatur.
1644 3578 1717 3651 Has
1747 3605 1911 3672 regiones
1943 3593 2095 3674 propter
2124 3589 2433 3674 opportunitatem

398 3651 538 3700 summa
556 3628 731 3747 modestia
749 3640 915 3698 eventum
936 3628 1118 3701 electionis
1139 3630 1391 3751 expectabant;
1441 3683 1604 3754 locorum
1670 3708 1711 3754 m
1740 3683 1889 3754 mo,
1966 3697 2001 3754 et
2059 3683 2147 3753 ecit
2204 3682 2312 3753 etiam
2327 3692 2434 3751 anm

396 3728 498 3798 nulla
531 3732 709 3821 praesidia
745 3731 1024 3823 comparabant,
1063 3755 1109 3801 ne
1142 3735 1230 3827 quid
1263 3744 1390 3804 contra
1468 3786 1477 3802 .
1608 3709 1668 3778 Ῥ
1713 3708 1772 3777 Pe
1853 3709 1943 3777 9¹³³*
2015 3708 2099 3754 ‘²¹¹'
2148 3709 2189 3755 ¹¹⁸

397 3828 605 3901 Electorum
633 3832 833 3902 libertatem
857 3834 897 3903 in
918 3833 1123 3928 interregno
1149 3835 1270 3905 moliri
1293 3836 1391 3905 vide·
1442 3810 1536 3857 ”⁸³⁸
1557 3810 1631 3856 ⁹⁵⁸⁸
1652 3786 1989 3906 inprimiffdffl‘a?
2009 3789 2055 3856 ad
2070 3782 2139 3856 ¹¹⁰⁶
2155 3786 2288 3904 bellum
2308 3806 2436 3877 8⁶¹0ss-

1380 3936 1389 3954 ·
1442 3890 1542 3960 dum.
1591 3887 1685 3959 Nam
1709 3903 1744 3961 et
1764 3889 1983 3982 sigismundi
2006 3887 2236 3983 Imperatoris
2260 3899 2434 3978 tempore,

397 3945 537 4004 ‘emur'
576 3933 691 4006 Eram
707 3934 1003 4007 ‘mmmmm
1021 3939 1149 4010 Galim
1173 3939 1302 4031 ,ψ’
1327 3962 1391 4033 qm
1416 4012 1419 4037 ’
1442 3990 1635 4063 exercitum
1664 4006 1887 4063 contractum
1915 3992 2022 4065 fuisse
2049 4018 2092 4063 eii
2113 3990 2230 4075 Italis,
2262 3989 2377 4063 Gallis
2399 3999 2436 4059 et

398 4035 569 4128 privatim
602 4037 807 4130 ingentibus
835 4039 1022 4132 promissis
1048 4042 1188 4113 animos
1211 4065 1287 4110 non
1309 4038 1391 4110 Ele·
1416 4066 1474 4165 ·G
1605 4094 1614 4111 ,
1798 4122 1805 4135 ι
2157 4095 2165 4111 ‚
2222 4093 2231 4109 ,

399 4151 540 4213 ctorum
568 4152 729 4228 tantum,
762 4145 824 4213 ,ed
856 4143 964 4213 ,fiam
995 4144 1148 4215 ,nomm
1171 4144 1376 4237 principum
1415 4124 1419 4179 i
1478 4118 1645 4166 ermanis.
1696 4092 1858 4169 Adhaec
1877 4100 1974 4191 quod
1992 4096 2139 4168 classem
2154 4107 2203 4165 ita
2220 4104 2434 4163 instructam

398 4254 436 4311 et
460 4242 646 4316 civitatum
670 4245 862 4316 conciliare
885 4246 976 4339 Regi
995 4246 1186 4320 Francisco
1207 4196 1390 4317 conabam:
1415 4260 1419 4321 ῑ
1441 4191 1573 4269 habeat
1588 4197 1728 4283 Gallia’
1752 4211 1813 4285 υἷ’
1838 4199 1869 4270 ‘i
1884 4198 2022 4271 veneta
2040 4199 2160 4271 ⁰¹³⁸³i⁸
2175 4194 2338 4267 “diuum
2353 4193 2435 4263 sue·

397 4338 477 4429 t'ur,
500 4342 823 4442 disputabantque‚
853 4345 945 4420 nihil
968 4364 1093 4421 contra
1118 4351 1212 4441 leges
1232 4351 1390 4421 facturos
1416 4326 1419 4379 :
1441 4299 1509 4384 'it’
1542 4325 1618 4371 ”⁰¹¹
1644 4301 1792 4373 dnhium
1810 4302 1878 4385 ‘it’
1904 4302 1999 4373 ’Μή
2015 4315 2113 4388 ²⁰²⁰,
2140 4324 2233 4397 ‘1¹¹³‘
2247 4294 2435 4367 “finini

395 4444 600 4535 mmm„
631 4450 664 4524 ,ἱ
677 4449 903 4521 francorum
920 4452 1054 4545 Regem
1073 4452 1303 4544 dedgnarem
1317 4450 1389 4522 lm·
1443 4416 1543 4487 tora,
1569 4430 1659 4499 quas
1682 4429 1785 4489 oras,
1810 4404 1964 4491 insulas,
1990 4419 2134 4497 portus,
2160 4416 2238 4475 tuto
2259 4413 2382 4495 petere
2398 4411 2436 4470 et

397 4563 624 4642 peratorem,
649 4555 748 4647 quod
761 4552 984 4626 Francorum
1000 4556 1115 4648 Reges
1133 4579 1153 4624 a
1172 4555 1388 4626 Germanica
1441 4530 1652 4600 ‘’ppugnare
1669 4520 1826 4601 9⁰“eni'

398 4650 510 4743 stirpe
541 4653 611 4722 orti
638 4666 733 4727 sunt.
797 4654 989 4729 Addebant
1010 4659 1095 4728 olim
1118 4670 1256 4728 tantam
1281 4660 1419 4791 suisseq
1543 4660 1661 4730 Porro
1687 4659 1717 4730 si
1738 4670 1840 4729 tanto
1861 4659 1956 4729 bello
1982 4662 2055 4731 dur
2078 4659 2305 4755 quaerendus
2329 4666 2434 4740 esset,

398 4752 690 4825 coniunctionem
715 4756 902 4857 utriusque
924 4762 1039 4855 gentis
1059 4760 1217 4832 Gallicae
1242 4775 1277 4832 et
1299 4762 1390 4834 Ger·
1439 4763 1698 4855 rempublicam
1743 4762 1857 4853 ipsam
1898 4763 2139 4854 flagitatorem
2184 4784 2258 4832 esse
2294 4756 2433 4850 Regem

397 4855 582 4940 manicae,
613 4881 689 4928 nou
709 4872 750 4931 ut
765 4861 955 4934 distractae
971 4865 1009 4933 in
1025 4866 1098 4933 dun
1115 4887 1225 4957 regna
1240 4865 1389 4956 suerint,
1414 4838 1419 4911 1-
1440 4865 1683 4947 Franciscum,
1709 4867 1794 4958 quia
1818 4889 1894 4933 non
1916 4867 2032 4938 solum
2056 4865 2250 4936 autoritate
2271 4861 2435 4957 reliquos

397 4957 462 5029 sed
487 4959 587 5031 velut
614 4984 727 5034 unum
750 4988 902 5056 regnum
923 4968 989 5037 sub
1011 4966 1136 5038 iisdem
1162 4968 1291 5059 signis,
1322 4969 1388 5039 suli
1439 4968 1620 5061 principes
1648 4968 1818 5050 anteiret,
1851 4970 2045 5038 sedetiam
2073 4992 2140 5039 usn
2164 4979 2199 5036 et
2224 4962 2355 5057 peritia
2378 4962 2434 5033 rei

396 5060 526 5131 eodem
548 5062 646 5155 Rege
668 5065 913 5154 Francorum,
945 5071 1041 5141 socia
1074 5092 1174 5139 arma
1203 5070 1389 5163 gesserint,
1439 5071 1618 5143 militaris.
1646 5120 1648 5129 ·
1674 5070 1750 5143 Nee
1784 5072 1904 5142 decue
1936 5073 2012 5145 eius
2048 5069 2174 5141 virtuti
2205 5067 2432 5145 felicitatems

398 5163 499 5245 domi
515 5164 640 5239 iisdem
656 5170 805 5262 legibus,
831 5174 958 5242 eodem
974 5173 1052 5245 iure
1070 5174 1289 5265 gubernatae
1305 5175 1389 5259 sint,
1441 5187 1593 5269 quantas
1616 5173 1711 5245 enim
1736 5196 1793 5246 res
1813 5174 1992 5266 gessisset,
2018 5176 2104 5243 dnm
2128 5181 2360 5264 recuperaret
2375 5166 2432 5239 ln·

398 5289 549 5365 eamque
572 5272 860 5344 coniunctionem
882 5275 1040 5367 primum
1066 5278 1258 5368 gloriosam
1280 5278 1388 5348 luisse
1439 5277 1618 5361 sobriam,
1644 5279 1811 5348 omnibus
1833 5290 1959 5347 notum
1984 5300 2074 5348 esse:
2110 5286 2246 5371 quanta
2262 5270 2433 5344 felicitate

396 5370 615 5444 Germanico
635 5375 798 5459 nomini,
813 5377 954 5468 ‚deinde
976 5380 1084 5450 etiam
1100 5381 1291 5451 salutarem
1307 5379 1389 5451 urii·
1439 5380 1614 5452 maiiimas
1628 5377 1784 5453 hostium
1802 5382 1922 5472 copia's
1936 5380 2173 5473 profligasset,
2198 5374 2338 5473 quoties
2348 5382 2433 5442 toto

396 5499 519 5546 versae
547 5475 717 5568 Europae
753 5500 795 5546 ac
824 5482 1017 5575 praecipue
1040 5480 1230 5554 Ecclesiae.
1293 5482 1386 5555 Nam
1439 5482 1597 5552 triennio
1619 5484 1822 5567 dimicasset
1845 5484 1931 5555 acie.
1982 5483 2024 5555 ln
2040 5479 2096 5555 his
2120 5484 2228 5553 rebus
2249 5504 2331 5552 rum
2351 5475 2435 5546 teli-

397 5576 538 5669 imperii
571 5580 679 5650 decus
712 5578 817 5648 initio
844 5595 990 5675 partum
1016 5583 1204 5679 utriusque
1229 5586 1388 5658 nationis
1439 5585 1527 5658 citas
1542 5585 1619 5657 eius
1635 5588 1791 5679 conspici
1807 5588 1984 5677 potuerim
2011 5598 2087 5658 tum
2101 5609 2188 5656 vero
2205 5583 2333 5666 virtus,
2351 5602 2434 5650 ma-

1438 5690 1589 5782 gnitudo
1606 5691 1745 5762 consilii
1760 5704 1868 5784 atque
1883 5691 2015 5777 animi,
2040 5690 2207 5761 laborum
2223 5683 2435 5769 tolerantia,

397 2000 514 2069 reret,
540 2000 576 2056 et
595 1985 667 2055 iam
686 1985 868 2077 specimen
881 1986 1035 2057 dedisset
1050 1985 1263 2067 industriae,
1290 1984 1392 2054 forti·

1442 3294 1546 3361 posse
1570 3271 1770 3364 expeditam
1795 3271 1973 3343 rationem
1999 3271 2085 3341 belli
2113 3271 2281 3341 adversus
2304 3255 2437 3365 'Eurei-

1442 3397 1522 3443 cam
1553 3374 1738 3444 nationem
1772 3375 1941 3466 gerendi,
1974 3398 2082 3469 quani
2117 3372 2149 3447 si
2180 3371 2435 3444 communibus
