5125 6525
258 371 337 444 soi

261 540 346 611 cubi
360 538 497 610 inbrico
511 536 696 620 invenias,
722 535 814 607 sicut
833 551 868 607 et
887 538 1022 629 populo
1049 561 1117 629 pro
1141 562 1256 630 popu-

260 644 340 726 lor,
373 654 410 711 et
432 640 572 713 stabulo
596 663 663 730 pro
686 639 867 724 stabulor,
898 639 1041 711 luxurio
1064 664 1131 732 pro
1154 639 1257 711 luxu·

262 746 360 827 rior,
384 755 595 837 praevertor
616 766 686 834 pro
708 754 918 834 praeverto,
953 743 1086 835 punior
1102 766 1169 834 pro
1188 767 1256 833 pu-

261 847 349 936 nio,
375 848 473 938 apud
490 843 712 915 Ciceronem.
764 845 942 939 Pleraque
956 846 1026 913 alia
1041 844 1181 916 Nonius
1198 867 1256 914 re·

230 1004 235 1010 .
262 960 402 1032 censet,
427 948 525 1018 varie
540 972 559 1015 a
575 945 823 1019 vetustissimis
835 945 1049 1017 Latinorum
1067 959 1254 1037 usurpata,

261 1053 304 1123 in
327 1051 456 1145 quibus
477 1075 564 1121 usus
585 1062 709 1140 postea
730 1050 935 1142 repudiavit
958 1050 1107 1120 alteram
1133 1049 1256 1119 termi-

262 1153 464 1225 nationem.
515 1152 613 1221 Haec
630 1176 716 1221 vero
741 1155 848 1223 etiam
871 1152 1131 1244 significatione
1155 1151 1257 1221 diffe-

263 1268 368 1340 runt,
394 1267 521 1324 mutuo
537 1279 556 1323 a
573 1265 720 1326 mutuor
729 1291 744 1338 ,ι
764 1257 913 1325 foenero
932 1258 1156 1351 afoeneror,
1182 1278 1263 1323 mem

263 1383 329 1428 reo
345 1381 363 1425 a
382 1381 543 1440 mereor,
569 1356 660 1425 liceo
681 1357 850 1441 aliceor,
877 1360 922 1426 de
945 1381 1100 1451 quorum
1123 1370 1254 1426 natura

263 1461 304 1529 in
321 1459 470 1553 Syniani
488 1459 658 1530 dicemus.

507 1627 694 1720 Species
720 1652 798 1698 seu
821 1628 1007 1698 formae.

242 1815 247 1821 ·
366 1767 537 1861 Quinque
561 1779 656 1836 sunt.
714 1766 859 1851 Prima,
890 1771 986 1837 unde
1010 1730 1173 1858 reliquae
1199 1788 1255 1834 ca-

263 1872 376 1954 dunt,
406 1881 449 1938 ut
471 1868 599 1952 video,
632 1892 717 1938 nam
742 1869 826 1939 inde
848 1871 887 1939 iit
909 1871 1004 1947 viso;
1049 1871 1138 1953 edo,
1169 1892 1254 1937 nam
1279 1888 1286 1910 ¹

262 1972 348 2041 inde
364 1973 404 2040 iit
419 1972 537 2042 esurio
554 1970 613 2068 ¹¹⁸).

357 2068 595 2157 Inchoativa,
622 2097 702 2143 cum
722 2075 834 2143 verbo
858 2074 1024 2145 adiicitur
1048 2072 1255 2143 terminatio

916 307 1039 439 xcvi.
1068 363 1419 445 cnluuincl
1448 361 1643 440 uarum

2187 373 2353 478 ,Μ

1308 532 1427 607 traho.
1478 535 1571 606 Sunt
1589 549 1623 606 et
1644 537 1682 606 in
1706 562 1793 607 voce
1812 539 1974 631 passiva,
2006 552 2048 610 ut
2066 554 2201 626 sector,
2235 543 2301 613 sci-

1306 652 1366 708 tor
1379 637 1446 733 ⁷⁸),
1479 638 1650 710 sciscitor.
1718 640 2007 734 Huc‘pertinent
2029 643 2138 712 etiam
2161 644 2301 730 vellico,

1306 741 1449 824 fodico,
1475 754 1512 809 et
1533 741 1676 813 similia.

1409 843 1622 913 Meditativa
1647 870 1710 916 seu
1735 846 1995 930 desiderativa,
2028 846 2066 914 in
2088 847 2158 916 rio.
2218 847 2302 918 Stu-

1308 943 1408 1014 dium
1428 946 1575 1016 enimet
1592 947 1814 1018 voluntatem
1829 949 2044 1041 significant,
2069 961 2114 1034 ut,
2123 950 2300 1041 parturio,

1308 1048 1537 1131 coenaturio,
1569 1051 1773 1134 cacaturio,
1806 1053 1851 1121 ad
1878 1051 2166 1143 coniugationem
2193 1076 2301 1145 quar-

1308 1161 1382 1218 tam
1401 1150 1595 1241 pertinent.

1409 1251 1654 1336 Diminutiva,
1696 1256 1735 1325 in
1763 1256 1820 1340 lo,
1859 1268 1900 1325 ut
1928 1256 2089 1326 sorbillo.
2162 1256 2300 1327 Graeca

1308 1356 1486 1446 quaedam
1503 1355 1620 1424 forma
1643 1367 1714 1439 est,
1750 1356 1900 1453 quaeP)
1923 1358 2163 1427 imitationem
2189 1357 2299 1449 signi-

1307 1457 1408 1540 ficat,
1434 1470 1475 1526 ut
1489 1458 1663 1548 patrisso,
1690 1459 1867 1542 atticisso,
1883 1484 1987 1552 «quae
2001 1460 2148 1532 Graecis
2170 1457 2223 1548 ζω
2239 1462 2301 1530 de·

1308 1558 1451 1642 sinunt,
1490 1571 1531 1627 ut
1560 1556 1793 1648 πλατωνίζω.
1861 1558 1981 1630 Latini
2004 1587 2080 1633 non
2103 1560 2299 1634 admodum

1308 1674 1392 1730 sunt
1416 1657 1483 1730 hac
1505 1662 1671 1732 delectati
1693 1662 1969 1747 terminatione,
2010 1667 2105 1734 unde
2132 1665 2313 1743 dixerunt,

1307 1786 1375 1853 pro
1398 1764 1574 1853 graecisso
1589 1789 1756 1857 graecor,
1782 1766 1833 1835 ita
1855 1765 2021 1835 cornicor
2045 1792 2066 1835 a
2091 1766 2251 1849 cornice,
2279 1791 2299 1835 a

1307 1865 1415 1956 vulpe
1439 1866 1627 1957 vulpinor,
1660 1893 1678 1936 a
1703 1865 1846 1938 Baccho
1869 1865 2036 1940 bacchor.
2094 1869 2212 1939 Porro
2231 1893 2301 1938 nec

1308 1967 1347 2036 in
1361 1967 1509 2062 reliquis
1522 1971 1650 2040 formis
1664 1969 1825 2069 liceat⁸')
1840 1972 1945 2042 nobis
1960 1986 2095 2041 temere
2118 1995 2213 2041 nova
2238 1994 2302 2062 pa·

1307 2094 1407 2155 rere,
1447 2073 1511 2141 sed
1540 2098 1608 2144 usu
1640 2074 1762 2143 valent
1791 2076 1985 2159 vocabula,
2027 2075 2120 2146 sicut
2148 2072 2301 2143 nummi.

261 2201 340 2261 sco,
382 2187 424 2245 ut
453 2200 473 2243 a
502 2177 604 2247 luceo
632 2177 671 2244 fit
697 2177 848 2248 lucesco.
915 2175 970 2246 De
996 2176 1255 2268 significatione
1306 2172 1433 2267 Neque
1450 2175 1546 2243 enim
1565 2201 1607 2245 ex
1627 2174 1804 2270 amatu⁸¹)
1829 2177 1962 2258 amito,
1994 2203 2038 2247 ex
2063 2179 2172 2247 doctu
2193 2178 2301 2246 docto

261 2278 364 2347 Valla
388 2277 531 2348 videtur
550 2290 696 2370 praeter
719 2304 797 2349 rem
825 2303 905 2349 cum
922 2279 1112 2350 Prisciano
1132 2277 1255 2349 rixari.
1306 2275 1391 2345 licet
1410 2278 1556 2367 fingere.
1609 2276 1678 2346 Sed
1701 2272 1791 2347 haec
1815 2280 2016 2350 monebunt
2037 2291 2300 2371 praeceptores.

259 2379 355 2453 Nam
371 2392 436 2450 aut
450 2375 614 2450 inchoari
625 2379 675 2476 ⁷³)
695 2380 917 2472 significant,
943 2393 983 2451 ut
996 2380 1163 2463 lucescit,
1190 2383 1254 2449 der
1306 2375 1423 2446 Erant
1439 2390 1558 2448 autem
1575 2372 1643 2447 hae
1659 2381 1799 2449 formae
1816 2381 1855 2448 in
1870 2381 1988 2462 verbis
2002 2381 2236 2465 indicandae,
2260 2391 2303 2450 ut

261 2496 322 2575 tag
343 2475 464 2552 bricht
486 2505 553 2565 an,
591 2495 655 2551 aut
678 2496 771 2551 certe
794 2484 941 2574 gliscere
966 2495 1001 2552 et
1023 2481 1183 2565 intendi,
1215 2493 1257 2550 ut
1308 2489 1344 2547 et
1376 2480 1675 2571 propagationem
1708 2482 1903 2551 verborum
1929 2484 2163 2553 observarent
2186 2482 2303 2574 pueri,
2422 2478 2443 2572 s

261 2586 359 2678 apud
380 2581 571 2673 Virgilium
597 2580 706 2683 [Aen.
722 2580 892 2680 1,713.]:
926 2583 1074 2675 Expleri
1096 2596 1255 2654 mentem
1308 2592 1343 2650 et
1359 2580 1565 2652 discrimina
1583 2582 1908 2673 significationum,
1934 2585 1965 2656 si
1985 2587 2134 2680 quando
2160 2586 2205 2654 ab
2226 2606 2301 2654 unu

260 2685 408 2781 nequit,
436 2686 659 2779 ardescitque
675 2687 822 2757 tuendo.
1307 2678 1464 2753 themate
1487 2686 1592 2777 plura
1619 2686 1727 2754 verba
1757 2689 1907 2771 cadunt,
1940 2700 1982 2758 ut
2009 2688 2098 2759 esito
2126 2699 2161 2758 et
2182 2686 2301 2758 esurio
2387 2741 2389 2745 .

362 2786 476 2856 Fiunt
497 2789 572 2858 fere
596 2814 617 2858 a
638 2792 792 2859 secunda
809 2786 985 2882 persona,
1010 2789 1131 2872 labus,
1156 2788 1256 2857 laba·
1308 2786 1453 2857 abedo.

261 2914 334 2960 sco.
393 2889 572 2984 Pleraque
602 2904 824 2983 usurpantur
848 2916 916 2984 pro
940 2885 1179 2974 thematibus,
1214 2900 1257 2959 ut

259 2988 382 3075 hisco,
420 2992 566 3077 iatisco,
606 2995 703 3064 unde
730 2994 938 3078 defetiscor‚
983 2994 1080 3088 quod
1113 3005 1166 3079 est
1194 2995 1256 3061 de·

259 3094 404 3186 fatigor.
1410 3103 1508 3174 Haec
1523 3129 1609 3175 vero
1624 3120 1677 3178 est
1694 3108 1843 3200 propria
1862 3110 2055 3179 verborum
2070 3121 2221 3194 natura,
2246 3109 2302 3177 in·

363 3198 421 3268 Ad
437 3196 580 3267 tertiam
597 3197 886 3290 coniugationem
903 3199 1097 3291 Ρ111ῐ111111,
1125 3210 1255 3268 1111111·
1307 3210 1427 3280 dicare
1445 3208 1651 3279 discrimina
1668 3222 1887 3304 temporum.
1939 3211 2031 3282 Sunt
2052 3223 2171 3283 autem
2197 3212 2301 3307 quin-

261 3311 412 3370 tuantur
434 3302 625 3392 praeterita
647 3314 682 3371 et
705 3303 832 3394 supina
860 3326 879 3370 a
906 3298 1096 3383 thematis,
1135 3313 1177 3370 ut
1200 3313 1256 3371 tu·
1307 3336 1398 3407 que,
1424 3323 1460 3379 et
1474 3314 1660 3382 communi
1676 3338 1782 3382 sensu
1798 3313 1990 3384 diiudicari
2011 3328 2173 3407 possunt.

262 3426 384 3472 mesco
403 3404 531 3474 tumui.
1408 3411 1603 3498 Praesens,
1629 3410 1686 3484 ich
1702 3416 1803 3485 kom.

368 3504 555 3598 Quaedam
572 3528 592 3571 a
608 3505 816 3575 nominibus
831 3507 977 3587 cadunt,
1003 3504 1041 3572 in
1058 3503 1188 3596 quibus
1203 3515 1256 3573 est
1408 3515 1649 3587 Praeteritum
1669 3518 1940 3609 imperfectum,
1967 3513 2025 3587 ieh
2040 3521 2139 3588 kam.

263 3608 510 3678 observandus
532 3630 617 3676 1¹⁸¹1⁸
644 3607 883 3698 81111110111111,
924 3630 943 3674 ³
972 3630 1116 3676 11111110
1140 3605 1255 3688 1111111,
1408 3616 1648 3690 Praeteritum
1665 3622 1882 3712 perfectum,
1909 3617 1966 3689 ich
1983 3621 2047 3691 bin
2063 3623 2247 3690 kommen.

262 3733 285 3778 a
302 3732 516 3800 repuerasco
531 3708 672 3780 nullum
682 3708 855 3779 'invenias
868 3708 915 3803 ⁷⁸)
930 3708 1178 3801 praeteritum.
1407 3718 1648 3794 Praeteritum

365 3809 665 3905 Frequentativa,
698 3825 757 3896 to,
783 3825 845 3881 aut
861 3836 922 3896 so,
948 3824 1091 3896 antro,
1116 3811 1256 3881 addunt
1306 3823 1491 3893 kommen,
2145 3895 2147 3898 y

260 3908 435 3998 themati,
459 3927 501 3984 ut
519 3913 635 4005 agito,
662 3916 785 4007 pulso,
810 3914 908 4000 viso,
935 3938 1078 4010 quasso,
1102 3915 1254 3996 adfecto,
1407 3924 1606 4010 Futurum,
1630 3922 1687 3996 ich
1703 3928 1827 3998 werde
1842 3926 1890 4022 ⁸²)
1904 3929 2089 3996 kommen.

260 4038 378 4101 nexo,
414 4040 507 4109 quae
529 4016 586 4086 vel
607 4017 851 4089 assiduitatem
874 4018 932 4086 vel
953 4030 1122 4089 conatum
1144 4015 1253 4107 signi·
1886 4057 1893 4067 -

261 4117 385 4189 fiuant.
433 4119 492 4189 Sic
515 4122 610 4192 enirn
637 4126 841 4213 exponunt,
867 4121 965 4205 viso,
995 4144 1038 4209 eo
1060 4122 1106 4190 ad
1128 4118 1253 4188 viden·
1721 4116 1797 4187 Mo
1814 4119 1837 4187 d
1854 4117 1879 4187 i.

262 4221 369 4306 dum,
396 4246 562 4340 f³P²⁸⁵⁰s
587 4227 691 4342 eoad
708 4224 936 4316 ⁰³Pi²¹¹d¹¹m·
1100 4324 1108 4340 ⁸
1190 4323 1199 4339 ⁶
1407 4248 1556 4319 Variam
1572 4253 1793 4322 voluntatem
1812 4254 1850 4320 in
1865 4251 2005 4320 actione
2022 4253 2181 4319 tradunt.
2208 4248 2301 4318 Sunt

364 4322 476 4403 Fiunt
495 4350 515 4395 a
534 4350 698 4445 supmu,
731 4339 773 4397 ut
787 4339 904 4397 tractu
917 4336 1051 4446 tracto,
1078 4336 1253 4443 cilonio,
1305 4364 1445 4436 autem,
1470 4350 1708 4439 ludicffivgs,
1741 4355 1802 4450 qui
1827 4353 2036 4445 simpliciter
2059 4353 2136 4421 fieri
2161 4351 2298 4444 aliquid

262 4439 415 4498 1111111111
442 4441 595 4499 10111110·
638 4429 735 4549 'Aut
758 4454 779 4498 1
802 4431 966 4501 11111ὓᾶ11
989 4451 1175 4552 Pefff⁰¹¹¹⁸2
1212 4439 1254 4496 Ut
1305 4468 1368 4524 aut
1383 4479 1458 4524 non
1473 4455 1551 4525 fieri
1570 4443 1731 4529 delinit.¹
1765 4456 1848 4527 ldeo
1865 4457 1994 4527 Graeci
2018 4451 2226 4551 ὃριστικόν,
2260 4453 2299 4523 id

263 4550 401 4600 arcesso
423 4533 469 4601 ab
489 4532 535 4601 ad
558 4544 593 4601 et
616 4555 705 4617 cres,
742 4536 836 4604 unde
863 4528 1186 4624 nazaraeorum
1214 4529 1254 4597 fit
1305 4572 1376 4643 est,
1403 4558 1626 4630 definitivum
1645 4573 1885 4643 vocaverunt,
1910 4572 1971 4643 ut,
1997 4558 2311 4652 probitasleude.

247 4653 419 4730 11111111·
1307 4673 1366 4730 tur
1382 4673 1417 4731 et
1432 4662 1537 4753 alget.

362 4736 540 4854 Plffl‘PJ‘
555 4735 709 4854 Primfn
731 4738 1021 4829 ⁰⁰ni¹¹8³¹i⁰¹¹⁰¹¹¹
1044 4736 1252 4814 imitamffl'i
1406 4760 1664 4856 Imperativus,
1691 4790 1763 4858 quo
1779 4766 1818 4835 in
1835 4765 2050 4856 imperando
2067 4760 2272 4857 utimur⁸⁸).

262 4840 439 4930 quaedam
467 4853 574 4909 etiam
600 4837 818 4936 tertram⁷⁷)‚
850 4853 890 4910 ut
913 4843 1069 4924 facesso,
1103 4840 1252 4919 lacesso,

260 4942 361 5032 quod
385 4955 480 5011 esta
508 4941 626 5035 prisco
652 4944 762 5013 verbo
796 4943 907 5026 lario,
946 4945 1044 5038 quod
1076 4941 1253 5032 significat

1660 2969 1946 3066 Tempora

1339 5015 1388 5082 78)
1408 5012 1507 5082 scitor]
1527 5015 1554 5064 in
1573 5014 1657 5067 nitu.
1677 5015 1772 5079 ibit,
1793 5029 1816 5066 s.
1832 5026 1856 5064 n.
1877 5016 1966 5069 deest.

1337 5101 1387 5159 79)
1406 5102 1514 5152 Graeca
1532 5101 1664 5164 quaedam
1681 5100 1773 5148 torma
1797 5102 1861 5163 est,
1889 5101 1979 5161 quse]
2001 5096 2086 5149 uaitt.
2105 5097 2196 5162 im,
2215 5110 2238 5146 s.
2253 5106 2298 5144 n:

1373 5172 1425 5220 list
1442 5180 1546 5234 graece
1563 5171 1696 5234 quaedam
1717 5169 1822 5232 iorme,
1851 5170 1880 5218 et
1898 5179 1969 5232 quse

1336 5254 1386 5322 80)
1404 5255 1502 5318 boeti]
1520 5256 1606 5306 ttrite
1622 5256 1718 5320 istu,
1741 5269 1765 5307 s.
1779 5267 1826 5306 n:
1850 5254 1916 5305 licet

294 5409 343 5468 76)
360 5408 504 5470 invenies]
521 5409 570 5459 lii.
586 5408 662 5461 1629.
683 5408 825 5473 invenies,
842 5409 928 5461 mitt.
944 5410 1037 5472 toto,
1055 5423 1079 5462 s.
1095 5423 1137 5463 a:
1156 5412 1234 5461 extet
1337 5340 1389 5494 gg
1404 5338 1580 5493 ‘milii-dg
1599 5342 1806 5481 :ich-«bum
1807 5443 1816 5492 3
1853 5427 1903 5477 ltu.
1919 5426 1995 5478 im.
2018 5425 2061 5476 icir
2079 5424 2176 5488 word,
2211 5421 2297 5470 Mitt.

294 5510 344 5578 ⁷⁷)
362 5512 521 5578 retunsae
545 5513 677 5575 quaeum
696 5513 778 5562 ettam
798 5513 936 5578 tentem]
955 5514 1037 5565 uate.
1054 5516 1145 5580 isse,
1170 5527 1195 5569 s.
1208 5527 1250 5570 e:
1275 5557 1281 5577 ,
1375 5498 1471 5562 1511.»
1490 5497 1567 5549 ¹⁶⁴⁶·
1586 5497 1630 5547 10¹¹
1646 5496 1721 5546 wira

329 5582 488 5649 imitentur,
505 5585 536 5633 nt
549 5583 648 5649 pulso,
666 5581 786 5636 adiecto.
811 5583 866 5637 flet
879 5593 967 5645 penos
981 5584 1251 5648 emorrannum,
1275 5588 1281 5645 t
1337 5582 1388 5650 81)
1408 5579 1531 5649 utimur]
1550 5583 1635 5635 unct
1652 5584 1745 5648 ibit,
1764 5598 1797 5668 ε..
1805 5594 1847 5634 n:
1866 5581 1984 5640 ndnur.
2004 5584 2048 5645 ut,
2065 5579 2156 5630 Nosce
2167 5575 2298 5641 teipsum.

259 5098 466 5114 -η--ῇ-η-

295 5201 345 5260 74)
364 5201 488 5265 euinque
506 5231 540 5240 -
558 5203 674 5271 esurio]
693 5205 720 5256 in
738 5206 822 5256 noio.
840 5205 935 5270 tut,
953 5219 977 5255 s.
991 5217 1016 5257 n.
1036 5205 1145 5255 desunt.

294 5305 344 5363 io)
362 5304 500 5365 inchoari]
518 5305 601 5358 utitt.
616 5307 709 5371 isit,
728 5320 752 5357 s.
765 5316 807 5357 u:
832 5305 1035 5359 inchoationem
1141 5344 1144 5349 .

1676 3724 2088 3819 plusquamperfectum,
2127 3717 2186 3791 ich
2219 3742 2300 3788 war
2386 3740 2409 3747 ”
2471 3804 2474 3813 1
