5125 6525
229 383 337 532 n495
766 489 773 500 ·
879 445 1007 524 tntu..
1033 447 1148 524 Mitt.
1172 445 1378 526 scalers
1404 445 1672 520 ffls'rotttct
2222 449 2301 530 4⁰6

256 625 306 698 Et
319 623 432 695 lacilis
447 620 565 694 aditus
580 630 631 690 est
646 619 685 689 in
700 618 935 691 Germaniam
949 644 993 691 ex
1008 616 1132 705 Italia,
1157 642 1250 715 quae
1303 617 1409 689 initio
1431 617 1613 704 fabulam,
1638 616 1716 692 sine
1736 631 1835 689 certo
1857 631 1984 691 autore
2005 631 2152 704 naam,
2180 619 2305 694 existi·
2335 648 2346 698 s

258 729 294 801 ei
307 725 429 798 multis
443 727 489 796 de
504 722 619 796 causis
632 745 738 816 saepe
754 721 920 794 adeunda
938 722 1019 796 erit.
1070 721 1171 794 Sicut
1183 722 1251 816 ¹Ca·
1302 733 1464 792 marent:
1507 719 1697 812 diligenter
1738 720 1874 816 inquiri
1907 735 2072 793 autorem
2098 722 2303 802 iusserunt.

257 832 358 902 rolus
372 827 539 920 Magnus,
558 824 724 911 ottones,
749 824 897 896 Henrici
914 827 1040 896 crebro
1054 824 1094 896 in
1109 823 1250 898 ltaliam
1303 824 1421 918 Quem
1444 847 1526 894 cnm
1545 825 1644 894 adse
1660 837 1865 909 vocassent,
1889 836 1927 895 et
1939 849 1982 896 ex
1995 825 2159 897 moribus
2174 839 2214 896 et
2227 851 2303 898 ser-

258 944 451 1004 venerunt:
487 930 595 1013 alias,
621 939 662 999 ut
674 926 941 1000 Ecclesiasticus
960 928 1134 1000 tumultus
1148 927 1251 1001 seda-
1302 926 1471 997 monibus
1485 921 1643 998 bominis
1658 926 1871 1012 iudicarent,
1887 950 1963 997 non
1979 939 2113 998 temere
2130 952 2216 1000 eum
2233 925 2301 1006 bas

258 1048 356 1114 rent:
388 1034 497 1119 alias,
528 1045 571 1105 ut
592 1030 812 1125 depellerent
834 1031 1027 1111 barbaros:
1068 1031 1177 1114 alias,
1210 1043 1251 1100 ut
1302 1028 1466 1101 fatidicas
1483 1052 1588 1099 voces
1601 1029 1724 1100 edere:
1751 1030 1855 1098 valde
1869 1025 1940 1101 boc
1954 1030 2165 1103 vaticinium
2184 1033 2300 1102 admi·

257 1139 445 1210 civitatum
469 1135 661 1209 seditiones
683 1133 942 1225 opprimerent.
993 1131 1052 1202 An
1071 1129 1262 1205 existima-⁶
1302 1131 1373 1202 rati
1388 1143 1484 1215 sunt,
1504 1130 1689 1226 multaque
1704 1133 1748 1202 de
1762 1133 1984 1223 posteritate,
2004 1131 2080 1230 et⁸)
2096 1135 2300 1207 mutatione

257 1242 399 1316 tiseurn
414 1245 490 1313 uon
505 1236 1044 1321 venturumesse,ut.tustriae,
1060 1259 1250 1330 quaerere
1302 1234 1519 1307 Germaniae
1535 1234 1702 1305 collocuti
1719 1237 1895 1309 feruntur.
1933 1234 2103 1308 Meminit
2118 1233 2300 1310 baecsiue

260 1347 293 1417 ei
316 1344 432 1440 patria
454 1354 527 1425 est,
553 1364 658 1432 opem
679 1340 794 1423 ferat,
821 1363 901 1410 curn
921 1339 978 1408 vel
994 1339 1032 1408 in
1051 1338 1250 1410 Pannoniis
1302 1337 1412 1408 dubio
1428 1339 1501 1409 dux
1514 1336 1692 1408 Saxoniae
1704 1337 1921 1422 Fridericus,
1946 1338 2011 1433 qui
2026 1352 2113 1410 tunc
2127 1365 2200 1411 una
2214 1366 2299 1412 cnm

258 1449 316 1518 vel
341 1447 379 1515 in
398 1446 477 1538 ipsa
500 1443 646 1515 Austris
668 1441 841 1512 'l'urcicas
860 1442 1019 1534 legiones
1040 1441 1165 1534 vagari
1187 1465 1251 1512 au·
1302 1452 1406 1533 patre
1420 1437 1575 1510 Ernesto
1592 1440 1718 1511 adfuit.

258 1547 356 1624 diet?
415 1547 479 1618 llle
508 1569 596 1616 vero
623 1556 763 1633 magno.
788 1545 912 1614 animo
936 1557 1119 1628 occurret,
1151 1557 1251 1615 utet

257 1652 416 1746 patriae,
443 1662 479 1720 et
497 1647 565 1717 toti
584 1647 663 1719 orbi
677 1642 883 1719 Christiano
898 1670 1002 1738 opem
1018 1649 1120 1719 serat.

360 1753 484 1846 Quare
505 1750 551 1822 de
572 1749 731 1820 absentia
755 1774 836 1821 curn
861 1748 999 1842 cogito,
1035 1773 1108 1844 qua
1129 1761 1251 1820 mente

257 1856 444 1953 praeditus
459 1853 518 1937 sit,
532 1877 720 1946 quaecum
735 1852 893 1944 pericula
908 1852 1144 1924 exuscitatura
1161 1852 1249 1923 sint:

259 1960 368 2033 etiarn
390 1958 510 2027 minus
525 1979 604 2026 sum
623 1955 807 2027 sollicitus.
857 1954 948 2024 Fata
965 1955 1074 2025 etiam
1091 1950 1148 2027 his
1163 1967 1251 2024 tem·

258 2063 408 2156 poribus
440 2058 659 2151 promittunt
690 2057 945 2129 Germanicum
979 2055 1252 2149 Imperatorem,

260 2165 324 2261 qui
351 2162 507 2232 maiores
536 2161 785 2252 magnitudine
813 2163 996 2253 potentiae
1020 2173 1252 2254 superaturus

258 2269 318 2342 sit.
367 2264 416 2336 Et
431 2265 569 2336 addunt
585 2264 734 2334 alteram
751 2264 893 2334 laudem
909 2264 1024 2334 multo
1037 2264 1251 2356 gratiorem:

258 2372 440 2452 futurum,
465 2378 506 2437 nt
527 2366 689 2437 bonitate
712 2380 748 2436 et
767 2366 954 2436 clementia
977 2379 1120 2458 praeter
1139 2378 1253 2436 caete·

261 2497 322 2562 ros
341 2495 442 2563 reges
464 2468 632 2554 excellat,
658 2491 725 2539 nec
747 2469 860 2538 aliurn
882 2469 952 2540 nisi
966 2468 1159 2552 Garolum,
1191 2491 1264 2538 vae

261 2575 403 2646 ticinor.
468 2572 589 2665 Quare
621 2583 729 2663 opto,
762 2584 804 2642 nt
831 2570 930 2643 Deus
959 2569 1156 2664 Imperium
1184 2570 1253 2663 ipsi

261 2675 481 2760 committat,
523 2698 677 2769 eumque
707 2673 882 2766 gubernet
910 2674 1131 2746 adsalutem
1156 2673 1254 2756 orbis

260 2793 455 2852 terrarum.

364 2879 471 2963 Dixi,
496 2903 589 2973 quae
613 2878 653 2948 in
676 2878 877 2972 praesentia
897 2880 943 2951 de
964 2877 1138 2949 electione
1156 2878 1254 2948 colli·

134 3057 142 3064 ,
263 3008 348 3076 gere
361 2982 477 3075 potui.
501 2982 569 3052 Sed
587 2980 672 3077 quia
687 2981 890 3054 communis
906 2993 958 3053 est
974 2978 1064 3052 haec
1080 2980 1255 3053 delibera·

149 3115 153 3120 ·
263 3087 316 3158 tio
340 3085 457 3157 nostri
477 3083 690 3176 amplissimi
712 3096 876 3170 senatus,
907 3097 942 3154 et
963 3109 1029 3155 vos
1048 3109 1118 3177 pro
1136 3095 1253 3156 vestra

261 3190 460 3284 sepientis,
485 3188 590 3281 plura
613 3187 722 3257 etiam
738 3189 783 3258 de
798 3187 981 3281 republica
997 3187 1168 3281 cogitasse
1182 3186 1255 3256 exi·

262 3295 389 3367 stimo:
423 3315 577 3386 quaeso,
611 3304 652 3362 nt
673 3290 806 3382 singuli
829 3314 911 3363 suas
929 3291 1126 3363 sententias
1147 3314 1255 3383 expo·

263 3409 372 3481 nant,
407 3407 447 3466 ut
480 3395 609 3465 deinde
642 3393 815 3486 eligamus
850 3418 950 3480 eam,
988 3419 1096 3489 quarn
1129 3416 1255 3464 omnes

263 3498 401 3571 collatis
424 3497 656 3591 opinionibus
677 3497 833 3569 maxime
856 3498 1079 3591 erepublica
1105 3521 1179 3569 csse
1201 3497 1255 3568 iu·

195 3641 198 3645 ·
261 3602 446 3679 dicabunt.

366 3702 465 3771 Haec
487 3727 568 3773 curn
591 3700 737 3772 dixisset
752 3700 1011 3792 Moguntinus,
1036 3716 1073 3773 et
1091 3699 1255 3783 hortare·

264 3817 325 3875 tur
350 3817 531 3888 caeteros,
569 3816 611 3874 ut
636 3827 702 3875 suo
730 3803 880 3899 quisque
907 3804 1035 3874 ordine
1062 3819 1256 3897 exponeret

264 3931 367 3981 suum
385 3905 702 3978 deliberationem:
726 3905 907 3997 congressi
923 3907 986 3976 alii
998 3931 1041 3977 ac
1056 3932 1170 4001 pauca
1184 3908 1256 3979 col·

264 4010 396 4096 locuti,
421 4009 614 4081 Trevirum
638 4008 763 4080 iubent
778 4008 915 4095 dicere,
949 4011 1012 4104 qui
1028 4012 1187 4102 pollebat
1202 4011 1257 4082 in·

1404 1542 1675 1635 Propemodum
1705 1554 1826 1612 autem
1857 1543 2052 1632 respondet
2076 1545 2129 1614 illi
2153 1545 2302 1637 praedi·

1304 1642 1414 1714 ctioni
1429 1658 1587 1718 eventus.
1637 1643 1773 1716 Audivi
1787 1645 1882 1715 enim
1897 1658 2033 1729 attente
2048 1647 2302 1744 eloquentissi-

1304 1771 1404 1816 mum
1428 1747 1630 1840 principem
1645 1748 1922 1840 Mogontinum,
1955 1748 2019 1842 qui
2041 1773 2119 1820 cum
2140 1751 2299 1841 diligen-

1304 1848 1439 1920 tissime
1463 1850 1645 1942 collegerit
1669 1851 1811 1935 omuia,
1835 1874 1928 1944 quae
1948 1851 2054 1922 nobis
2068 1852 2106 1921 in
2122 1847 2190 1922 hac
2205 1853 2301 1923 deli·

1303 1951 1489 2022 beratione
1505 1951 1755 2046 prospicienda
1769 1967 1869 2025 sunt:
1898 1966 2020 2024 tamen
2034 1956 2082 2026 ad
2096 1967 2299 2027 extremum

1303 2050 1373 2127 hoc
1405 2069 1525 2126 censet
1555 2055 1785 2128 utilissimum
1812 2080 1886 2126 esse
1914 2057 1994 2127 orbi
2020 2069 2228 2142 terrarum,
2259 2069 2300 2128 ut

1304 2157 1533 2250 peregrinum
1547 2155 1808 2252 Imperatorem
1825 2182 2064 2230 accersamus:
2089 2162 2129 2232 id
2145 2162 2176 2231 si
2190 2161 2299 2234 lamle

1304 2272 1376 2345 est,
1401 2262 1534 2332 frustra
1558 2285 1812 2354 repugnamus.
1863 2261 1934 2334 Sed
1956 2263 2046 2334 illud
2071 2264 2209 2347 miror,
2235 2287 2299 2334 cur

1304 2362 1380 2456 ipse
1402 2361 1604 2455 Hispanum
1627 2366 1803 2434 anteferat
1823 2364 1942 2438 Gallo.
1993 2365 2075 2458 Qua
2099 2366 2136 2435 in
2162 2390 2203 2436 re
2225 2367 2298 2458 pri·

1305 2491 1405 2535 murn
1430 2461 1522 2536 mihi
1549 2466 1771 2560 deploranda
1803 2478 1856 2538 est
1880 2467 2097 2539 Germaniae
2123 2469 2296 2540 conditio.

1305 2564 1406 2642 Nihil
1431 2569 1536 2640 nobis
1560 2570 1715 2640 externis
1741 2570 1947 2662 praesidiis,
1982 2566 2074 2641 nihil
2099 2570 2296 2663 peregrinis

1305 2672 1455 2743 ducibus
1474 2697 1565 2764 opus
1586 2684 1696 2758 esset,
1720 2674 1751 2743 si
1769 2672 1948 2744 maiorum
1964 2698 2112 2745 suorum
2128 2677 2299 2747 virtutem

1306 2787 1450 2848 nostrae
1474 2774 1600 2846 aetatis
1621 2775 1802 2868 principes
1820 2777 1957 2848 imitari
1977 2778 2119 2847 vellent.
2172 2778 2298 2849 Otium

1307 2889 1342 2948 et
1362 2877 1572 2948 servitutem
1594 2878 1821 2972 quaerimus,
1853 2881 1940 2950 dum
1959 2892 2146 2951 externum
2166 2879 2300 2973 princi-

1305 3004 1389 3072 pem
1412 2981 1634 3052 adducimus.
1684 2980 1743 3051 An
1765 2982 1920 3075 putatis,
1955 2996 2019 3053 aut
2040 3007 2128 3056 avos
2147 2997 2299 3068 vestros,

1306 3082 1494 3153 Albertum
1519 3079 1790 3169 Marchionem,
1830 3097 1895 3156 aut
1916 3085 2140 3156 Fridericurn
2166 3087 2299 3158 Palati·

1307 3209 1415 3271 num,
1450 3198 1514 3255 aut
1528 3187 1716 3259 Albertum
1736 3188 1914 3258 Saxonem
1928 3188 2037 3260 fuisse
2058 3213 2224 3285 unquam
2238 3214 2299 3260 ex·

1308 3302 1449 3360 ternum
1481 3291 1670 3361 dominum
1701 3291 1944 3365 adducturos?
1982 3292 2051 3385 ipsi
2079 3293 2299 3377 militabant,

1307 3416 1365 3464 res
1384 3393 1567 3484 gerebant.
1629 3392 1706 3465 Nec
1725 3418 1886 3489 unquam
1909 3396 2102 3480 exercitus,
2133 3396 2300 3489 pecunia,

1308 3518 1409 3565 arma
1435 3496 1567 3568 nostris
1586 3498 1797 3581 defuerunt,
1831 3502 2123 3593 quandocunque
2146 3501 2206 3570 vel
2227 3523 2300 3571 me·

1308 3599 1447 3670 diocres
1474 3600 1582 3672 duces
1611 3596 1828 3673 habuerunt
1887 3599 2022 3671 Verum
2053 3602 2186 3672 omitto
2214 3627 2300 3707 que·

1308 3702 1433 3773 telam.

1410 3803 1449 3875 Si
1473 3805 1622 3875 omnino
1649 3805 1857 3898 peregrinus
1883 3804 2087 3900 lmperator
2113 3802 2297 3879 habendus

1308 3921 1380 3993 est,
1414 3930 1541 3978 causae
1568 3921 1652 3979 sunt
1674 3909 1871 4001 plurimae,
1905 3933 2018 4003 quare
2040 3910 2202 3983 Gallicus
2222 3909 2299 3981 Rex

1308 4013 1582 4103 anteponendus
1595 4010 1641 4083 sit
1657 4013 1836 4084 omnibus.
1885 4010 1939 4081 Ac
1955 4012 2163 4106 priusquam
2180 4013 2298 4083 dicam

265 4114 392 4206 genio,
417 4114 601 4197 doctrina,
627 4124 664 4182 et
683 4136 751 4184 usu
770 4136 906 4186 rerum.
957 4113 1050 4187 Narn
1067 4126 1102 4183 et
1116 4114 1255 4185 Romae
1308 4110 1414 4186 buius
1437 4113 1509 4184 mei
1525 4113 1649 4185 iudicii
1661 4115 1839 4200 rationes,
1865 4115 2023 4206 primum
2039 4115 2082 4186 de
2097 4114 2172 4206 lege
2187 4128 2225 4185 et
2242 4116 2301 4185 iu·

264 4216 305 4287 iu
327 4216 468 4289 iudiciis
491 4229 527 4288 et
541 4214 694 4306 negotiis
710 4215 861 4308 publicis
874 4216 936 4287 diu
953 4230 1114 4289 versatus
1126 4219 1256 4302 fuerat,
1308 4217 1503 4289 reinrando
1528 4217 1740 4309 disputabo,
1780 4220 1876 4295 unde
1898 4243 2045 4291 exorsus
2068 4231 2122 4289 est
2139 4215 2298 4308 Mogon-

264 4319 361 4391 etin
383 4319 580 4392 Germania
603 4331 752 4413 propter
772 4319 1004 4392 domesticam
1029 4319 1256 4392 administra·
1309 4320 1417 4393 tinus.
1469 4319 1625 4413 Opimor
1647 4321 1805 4393 maiores
1818 4334 1961 4394 nostros
1984 4317 2053 4392 bac
2072 4321 2148 4412 lege
2172 4343 2299 4391 cavere

244 4422 425 4513 tionem,
451 4436 487 4494 et
508 4422 756 4493 dexteritatem
775 4423 814 4492 io
832 4423 983 4516 publicis
999 4422 1173 4515 negotiis,
1199 4423 1256 4493 vel
1309 4423 1482 4508 voluisse,
1510 4447 1560 4493 ne
1573 4423 1778 4511 Germania.
1795 4424 1976 4496 amitteret
1998 4422 2146 4518 lmperii
2173 4424 2300 4495 decus:

264 4524 428 4618 imperii,
460 4527 517 4597 vel
543 4525 699 4596 aliorum
720 4525 946 4618 principum,
977 4549 1146 4616 magnam
1170 4549 1258 4618 pru·
1309 4550 1425 4621 eoque
1436 4526 1646 4619 peregrinos
1661 4526 1776 4619 Reges
1802 4528 1884 4619 eligi
1904 4528 2119 4612 noluerunt,
2144 4521 2218 4597 hoc
2238 4538 2300 4611 est,

264 4628 409 4699 dentiae
429 4628 573 4700 laudern
598 4640 676 4698 erat
690 4642 913 4703 consecutus.
963 4629 1037 4702 Nec
1052 4628 1116 4699 ulli
1132 4654 1176 4705 ex
1191 4653 1257 4699 no·
1309 4630 1418 4714 tales,
1444 4630 1508 4723 qui
1522 4652 1597 4700 nou
1612 4625 1838 4702 haberentin
1852 4629 2049 4702 Germania
2063 4629 2300 4712 domicilium,

264 4729 348 4804 stris
370 4730 594 4823 principibus
611 4755 668 4803 res
684 4732 844 4803 Gallicae
867 4744 970 4801 erant
987 4732 1160 4807 notiores.
1210 4730 1257 4817 ls,
1307 4757 1355 4803 ne
1378 4746 1523 4805 externa
1546 4732 1646 4802 natio
1661 4733 1835 4826 paulatim
1854 4759 1920 4805 usu
1934 4746 2078 4825 caperet
2094 4733 2301 4828 imperium.

264 4833 350 4931 quia
373 4832 414 4903 in
438 4833 588 4929 privatis
602 4834 850 4924 congressibus
864 4834 1055 4930 aliquoties
1071 4858 1256 4929 oppugna-
1308 4836 1406 4907 llaec
1437 4835 1468 4906 si
1492 4848 1545 4907 est
1570 4836 1738 4909 voluntas
1760 4838 1866 4929 legis,
1906 4832 2032 4909 nihilo¹
2045 4838 2162 4929 magis
2181 4834 2300 4907 licebit

264 4950 366 5011 verat
387 4934 509 5009 Caroli
544 4938 772 5009 electionem:
812 4938 1004 5009 videbatur
1035 4953 1184 5032 paratus
1209 4939 1256 5008 ad
1308 4940 1509 5032 Hispanum
1540 4937 1691 5030 eligere,
1731 4963 1842 5036 quam
1863 4939 2038 5013 Gallum..
2067 4938 2302 5034 -ffispanieus

263 5041 456 5114 dicendum
474 5040 610 5113 venire.
656 5041 817 5126 Caeteri,
842 5054 883 5111 nt
898 5042 1048 5113 liberius
1061 5066 1163 5114 suam
1176 5064 1257 5113 sen·
1308 5043 1388 5113 Rex
1412 5041 1554 5134 longius
1573 5064 1597 5111 a
1617 5042 1723 5114 nobis
1746 5044 1856 5115 abest.
1906 5040 1957 5113 Et
1973 5042 2074 5114 natio
2090 5043 2170 5135 ipsa
2184 5041 2301 5115 domi·

263 5143 413 5215 tentiam
443 5156 659 5238 exponeret,
692 5144 797 5215 initio
824 5145 1044 5216 audiendum
1076 5169 1157 5217 eum
1182 5169 1256 5217 esse
1307 5145 1465 5217 nationis
1484 5144 1614 5237 cupida
1630 5156 1668 5215 et
1679 5146 1861 5232 bellicosa,
1878 5158 2003 5239 postea
2022 5144 2092 5217 sibi
2104 5145 2299 5240 imperium

262 5260 492 5322 masuerum.
543 5246 603 5318 Sic
619 5246 729 5338 igitur
746 5271 893 5320 exorsus
911 5261 974 5321 est.
1308 5247 1515 5346 extorqueri
1533 5270 1609 5318 non
1624 5248 1737 5335 unet,
1762 5263 1804 5320 ut
1819 5261 1942 5342 postea
1958 5249 2089 5321 iterum
2106 5249 2299 5322 dicendum

366 5348 487 5422 Audio
509 5351 548 5421 in
573 5345 643 5420 bac
665 5350 743 5441 ipsa
764 5351 875 5436 urbe,
906 5374 989 5421 cum
1010 5362 1131 5442 patres
1147 5350 1257 5421 vestri
1309 5352 1389 5425 erit.
1444 5350 1551 5423 Etsi
1579 5346 1650 5423 hoc
1672 5352 1759 5425 satis
1786 5366 1840 5425 est
1860 5376 2006 5439 causae,
2041 5377 2105 5425 cur
2127 5352 2299 5427 Gerulum

262 5452 312 5522 ad
342 5452 549 5546 eligendum
572 5451 861 5524 Maximilianum
892 5453 1161 5537 convenissent,
1194 5454 1256 5523 ad·
2177 5471 2179 5475 “

260 5554 370 5627 fnisse
394 5568 535 5641 vatem,
569 5555 633 5651 qui
656 5555 806 5640 dixerit,
838 5556 1005 5628 ultimum
1022 5554 1257 5628 Germanico-

261 5678 346 5727 rum
360 5654 627 5754 lmporatorum
641 5658 720 5729 iore
738 5656 1051 5745 Maximilisnum„
1092 5656 1256 5758 Qrmque

1341 5606 1598 5747 ''Q'ffiil‘
1611 5622 1699 5691 rore,
1718 5622 1806 5691 raso,
1824 5622 1912 5687 ress..
1932 5622 2025 5690 :usq
2047 5626 2084 5676 ss
2103 5626 2191 5679 ruet.
2214 5629 2303 5698 rus,
