5125 6525
285 402 362 476 197
939 398 1060 469 XCVI.
1112 384 1439 467 ettamunster
1464 393 1655 467 LATlNA.
1982 396 1986 404 ’
2027 426 2030 432 ’
2238 395 2312 470 198

410 568 640 634 Grammatica
668 567 781 629 latina
807 566 891 629 Phil.
913 564 1185 628 Melonrbtlroais
1208 561 1250 625 ab
1271 562 1416 626 authore
1438 573 1540 625 aucta
1562 576 1596 624 et
1616 568 1803 645 recognita.
1858 560 2026 645 Friburgi
2046 562 2229 643 Bricgoiac
2249 585 2313 648 pes·

453 653 635 717 [alannum
658 649 806 715 Fabrunr
829 650 1065 717 MDXXXV.
1108 653 1195 727 8.*).

411 772 650 839 Grammaticos
672 772 819 833 Latinae
842 773 1031 848 Elementa,
1061 772 1108 831 ad
1130 776 1314 850 pristinam
1343 768 1540 832 breuitatem
1568 775 1685 847 pueris
1714 767 2059 840 accommodatiorem,
2089 766 2250 839 redacta,
2279 776 2314 828 ui

421 901 424 906 -
451 863 531 924 aliur
551 870 631 921 suut
653 863 872 938 conscripta,
902 870 935 919 et
954 869 1072 940 postca
1092 869 1244 918 correcta
1267 856 1310 921 ab
1334 868 1454 918 autore
1475 855 1638 936 Ptruppo
1664 853 1885 916 tilclantlroae.
1936 851 2071 914 Addita
2092 862 2143 914 est
2165 851 2313 912 ciusdem

331 949 334 955 ⁴
362 975 367 1000 ι
449 944 641 1030 syntaxis,
672 944 758 1006 Item
781 947 827 1006 dc
849 946 1012 1007 Prosodia
1035 955 1071 1004 ct
1092 944 1244 1025 periodis
1265 942 1397 1004 libellas
1420 942 1562 1022 Lipsiae
1583 947 1618 1002 ia
1640 937 1790 1022 officina
1812 937 2062 1022 typographica
2084 936 2222 1000 Nicolai
2243 937 2312 1000 Fa·

450 1030 514 1094 bri.
545 1045 583 1079 -'
625 1033 671 1112 (ln
696 1035 756 1092 fine
777 1031 1018 1112 Grarnrncticem)
1045 1029 1187 1110 Lipsiae
1209 1050 1258 1090 ea·
1279 1023 1428 1109 officina
1452 1026 1702 1107 typographica
1723 1025 1863 1088 Nicolai
1884 1022 2001 1086 Fabri.
2051 1026 2134 1083 Hanc
2154 1027 2312 1085 Gramma-

315 1165 317 1170 ·
341 1182 343 1186 ,
451 1123 529 1180 ticon
560 1121 694 1197 sequitur
721 1118 861 1193 Syntaxis
888 1139 954 1175 cum
983 1118 1038 1175 boc
1066 1120 1184 1196 proprio
1214 1117 1330 1174 indice:
1383 1109 1550 1192 Syntuais
1578 1112 1657 1173 olim
1686 1132 1708 1171 a
1741 1110 1901 1190 Philippo
1929 1108 2145 1172 Melantltuac
2173 1108 2313 1170 collecta

448 1204 550 1267 Naar
577 1202 803 1285 locupletata,
832 1213 872 1263 ut
901 1206 947 1261 sit
972 1202 1018 1262 ad
1040 1222 1137 1263 asans
1160 1198 1351 1264 scholaram
1373 1197 1659 1276 accommodatior.
1711 1195 1790 1258 Cam
1812 1196 2039 1276 Praefatioac
2061 1193 2219 1277 Pttttppr
2238 1191 2311 1257 Me-

287 1315 292 1334 =
343 1335 347 1340 -
449 1285 629 1352 laetisonis.
682 1286 819 1351 Adiecti
843 1298 923 1348 sant
951 1291 986 1347 ia
1007 1291 1164 1366 margine
1185 1286 1418 1364 exemplorum
1439 1282 1516 1343 loci.
1572 1282 1775 1365 lipsiae**t.
1825 1286 2023 1343 Grammatico
2046 1295 2125 1340 cont.
2151 1281 2192 1343 10
2211 1283 2311 1359 plagg.

449 1382 507 1437 litt.
529 1378 640 1435 A-K
662 1378 736 1454 sign.
744 1419 755 1449 ,
784 1374 913 1438 801011.
937 1394 994 1432 non
1017 1395 1116 1451 num,
1145 1394 1267 1453 quorum
1291 1372 1425 1430 ultimum
1447 1373 1544 1428 album
1568 1383 1627 1446 est,
1657 1368 1688 1431 8.
1710 1369 1854 1446 (solist.
1883 1370 2008 1427 Clriliani
2029 1369 2199 1427 Goltsteinii
2221 1384 2312 1444 prae·

450 1464 523 1524 torto
554 1462 592 1520 ad
620 1463 777 1533 lectorem3
813 1457 1097 1520 tumen-Mb
1125 1462 1323 1518 Grammatica
1353 1458 1420 1531 lat,
1456 1457 1607 1514 subiuncta
1635 1457 1790 1528 Clausuli3
1825 1454 1965 1514 lol.K8.
1988 1453 2097 1527 vacat).
2147 1453 2310 1510 Numerum

448 1548 632 1628 plagularum
655 1547 822 1624 Syntaxeos
844 1564 910 1605 eam
931 1548 967 1604 ob
990 1566 1104 1605 causam
1127 1544 1252 1606 definire
1273 1560 1407 1620 nequeo,
1429 1543 1507 1619 quod
1532 1560 1629 1599 meum
1651 1543 1823 1619 exemplum
1845 1540 1873 1596 in
1896 1540 1981 1597 huius
2004 1540 2095 1615 partis
2116 1540 2177 1595 fine
2199 1538 2270 1596 inde
2293 1555 2311 1594 a

272 1679 303 1692 ..
368 1681 371 1688 .
395 1634 397 1637 ’
449 1630 580 1696 soboli
602 1652 738 1692 mancum
759 1644 814 1693 est.
846 1630 1008 1710 (turult
1038 1630 1178 1691 Andreae
1202 1630 1333 1688 Vincleri
1356 1627 1589 1705 praefatiuncula
1612 1628 1650 1685 ad
1671 1627 1844 1695 Lectorem3
1872 1616 2113 1683 totum-6⁵
2141 1622 2220 1682 Phil.
2241 1622 2310 1681 Me·

449 1719 596 1778 lantbonis
625 1720 749 1796 epistola
778 1718 957 1777 dedicatoria
984 1718 1022 1777 ad
1050 1720 1162 1776 lustum
1191 1717 1310 1783 lonam;
1347 1714 1416 1771 inde
1439 1732 1456 1770 a
1479 1712 1532 1772 sol.
1549 1716 1571 1770 Α
1590 1712 1630 1775 7·
1659 1732 1743 1790 seqq.
1787 1709 1928 1786 Syntaxis
1950 1728 2016 1776 cum
2037 1718 2181 1767 annotatt.
2202 1708 2310 1785 margi·

450 1804 521 1861 nali.
543 1802 628 1883 etc).

398 1918 650 1985 'Grammaticos
666 1918 794 1979 Latina
817 1915 889 1999 (sic)
912 1916 1088 1991 clementa,
1112 1936 1135 1977 a
1149 1914 1312 1996 Philippo
1332 1914 1514 1978 Meloncltt.
1533 1913 1675 1978 authore
1698 1920 1767 1976 iura
1789 1913 1923 1994 pridem
1944 1910 2122 1971 emendata
2143 1921 2176 1970 et
2198 1921 2310 1973 aucta.

452 2003 624 2086 Suntaaic
655 2003 800 2066 ciusdem
830 2002 980 2065 adnexa.
1026 2001 1122 2063 Item.
1177 2001 1231 2063 De
1259 2000 1427 2075 Periodis,
1457 2014 1488 2062 et
1511 2002 1685 2064 stosodia.
1738 1996 1914 2080 Tabiagae
1937 1994 2036 2058 Anno
2057 1992 2309 2060 namuri.

424 2165 427 2172 Ι
452 2093 507 2152 Hic
536 2090 632 2150 Index
661 2093 762 2170 liguris
792 2092 870 2168 ligno
900 2092 996 2148 incisis
1024 2091 1135 2149 cinctus
1166 2101 1222 2148 est.
1253 2122 1294 2133 —
1334 2087 1383 2169 (lu
1414 2090 1508 2169 finer)
1546 2086 1741 2170 Tabingac,
1773 2106 1838 2166 per
1866 2081 2054 2147 Viriolam.
2077 2079 2312 2144 Morbardarrt.

449 2175 558 2238 Anna.
582 2171 835 2237 MRXLVI.
858 2175 1081 2253 superimposito
1105 2172 1213 2252 lnsigni
1236 2187 1364 2254 typogr„
1387 2178 1433 2234 cui
1454 2164 1651 2254 superscripta
1673 2186 1741 2235 sunt
1755 2176 1861 2233 verba:
1893 2168 2058 2230 larnaria
2074 2166 2214 2228 Domini
2228 2176 2311 2228 aaut

448 2281 559 2323 omncs
581 2256 676 2341 fiacr
705 2271 826 2320 terrae.
874 2259 1084 2339 12¹l2plagg.
1108 2261 1162 2320 litt.
1182 2261 1292 2319 A-tu
1324 2260 1367 2333 (N
1382 2260 1424 2340 'lt
1441 2260 1498 2339 pl.)
1521 2265 1611 2339 sigm,
1642 2259 1704 2322 100
1719 2261 1785 2319 foll.
1807 2278 1866 2317 non
1894 2277 1994 2329 num,
2024 2275 2144 2333 quorum
2177 2256 2310 2313 ultimum

448 2350 547 2406 album
571 2361 633 2419 est,
661 2346 691 2409 8.
712 2350 783 2407 min.
815 2339 1077 2426 (foruli-2⁶
1106 2346 1233 2404 Cbiliani
1255 2346 1422 2404 Goltsteinii
1445 2349 1572 2425 epistola
1593 2349 1630 2405 ad
1652 2348 1825 2416 Lectorem;
1855 2339 2127 2402 soluit-14·
2154 2340 2311 2397 Gramma·

449 2434 522 2491 tices
544 2434 610 2491 Lat.
632 2433 797 2503 clementa,
833 2434 937 2509 quibus
965 2433 996 2487 in
1018 2432 1079 2489 fine
1102 2431 1212 2489 Eobnni
1235 2431 1319 2489 Hessi
1341 2429 1379 2488 ad
1401 2432 1555 2490 Lecturem
1578 2431 1764 2511 Epigramma
1786 2430 1916 2488 additum
1940 2441 2003 2501 est;
2036 2426 2086 2483 sol.
2105 2417 2310 2485 leil-Lssl
2435 2435 2441 2446 '

451 2518 530 2575 med.
546 2516 686 2591 Syntaxis
702 2515 781 2573 Phil.
799 2516 1036 2575 Melanchtbonis
1059 2512 1138 2596 (sine
1157 2515 1316 2596 praefat.);
1342 2515 1394 2575 tot.
1408 2517 1434 2574 L
1447 2516 1488 2578 8b
1509 2518 1587 2575 med.
1605 2550 1643 2564 -ο
1660 2517 1691 2573 Μ
1705 2516 1745 2575 2·
1773 2516 1819 2571 De
1837 2512 1984 2584 Periodis;
2012 2510 2064 2567 iol.
2082 2511 2112 2567 bl
2125 2509 2252 2570 2⁵—N
2263 2504 2310 2569 3·

450 2601 527 2658 med.
550 2600 707 2672 Prorodia3
736 2597 885 2662 iol.N3b
914 2597 1034 2677 Insigne
1055 2611 1190 2677 typogr.:
1219 2601 1347 2661 Mundus
1368 2620 1387 2658 a
1408 2616 1510 2660 catena
1533 2604 1684 2679 pendens,
1708 2619 1795 2678 qnam
1817 2598 1873 2656 Dei
1895 2614 1997 2653 manus
2020 2613 2037 2651 e
2060 2595 2183 2652 nubibus
2206 2610 2311 2671 porre-

451 2697 497 2741 cta
519 2695 619 2758 tenct,
641 2684 778 2743 Clausala
802 2685 980 2762 subscrIptl;
1012 2685 1065 2743 ult.
1086 2684 1139 2746 foi.
1160 2683 1357 2767 album)**‘).
1479 2701 1481 2703 ’
1916 2709 1919 2713 ·

274 2803 387 2861 Utrum
408 2803 517 2860 haecce
539 2802 594 2863 Ed.

405 2917 498 2980 Part
520 2917 603 2981 Met.
623 2920 785 2982 uenena
807 2921 937 2985 latinas
959 2926 1203 3003 grammaticae
1224 2929 1402 3003 recognita
1424 2922 1466 2985 ab
1488 2935 1638 2986 auctore.
1678 2919 1779 3002 Lips.
1803 2918 1899 2982 1542.
1911 2919 1988 3002 ω”)

256 3061 343 3148 ⁴putu
365 3042 458 3100 Editt.
480 3042 744 3119 praecedentibus,
773 3065 809 3103 an
833 3047 1023 3124 sequentibus
1045 3057 1203 3124 congruat,
1234 3047 1348 3120 nescio,
1377 3048 1444 3124 quia
1467 3065 1530 3103 eam
1555 3045 1681 3102 nondum
1706 3043 1775 3102 vidi.

403 3154 467 3220 Hae
494 3160 588 3222 Editt.
617 3163 843 3223 Grammaticam
874 3166 995 3223 latinam
1104 3165 1222 3223 athonis
1258 3166 1378 3225 talem
1407 3166 1629 3241 continent,
1664 3163 1819 3243 qualem
1849 3173 1979 3220 auctor
2008 3162 2094 3238 ipse
2122 3164 2249 3240 primum
2277 3164 2308 3221 ia

273 3245 389 3307 Etmmi
409 3246 522 3307 Ebneri
541 3267 624 3306 usum
646 3251 881 3331 conscripsit
908 3250 963 3329 (sic
984 3249 1041 3310 Ed.
1086 3248 1236 3330 rinceps),
1268 3250 1395 3332 deinde,
1423 3262 1574 3329 postquam
1597 3270 1614 3309 a
1634 3250 1697 3308 Kil.
1722 3247 1907 3308 Goldsteinio
1929 3245 2009 3305 edita
2030 3259 2111 3322 erat,
2139 3250 2248 3307 auxit
2269 3262 2308 3308 et

274 3332 504 3411 recognovit
531 3330 588 3413 (sic
609 3333 720 3406 Editt.,
755 3356 832 3414 quae
853 3336 910 3395 Ed.
934 3337 1098 3415 principem
1128 3339 1302 3397 subsecutae
1332 3336 1426 3412 sunt).
1484 3339 1517 3394 ln
1546 3335 1591 3394 bis
1622 3338 1709 3412 igitur
1738 3334 1863 3411 prima
1893 3332 2003 3391 huius
2032 3332 2307 3393 Grammatices

275 3429 383 3477 actas
409 3419 574 3479 exhibetur.
629 3419 740 3479 Omnes
760 3422 869 3498 Editt.,
891 3442 963 3501 quas
985 3442 1062 3480 nunc
1085 3423 1225 3501 deinceps
1247 3424 1500 3498 enumerabimus,
1531 3423 1684 3479 continent
1706 3420 1782 3477 hanc
1804 3419 2028 3477 Grammaticam
2051 3420 2095 3477 ab
2118 3419 2206 3476 aliis
2229 3438 2308 3479 mu-

275 3513 393 3561 tatam
416 3516 453 3562 et
474 3517 632 3564 auctam.

962 3622 1143 3683 Secunda
1162 3635 1267 3683 aetas
1289 3625 1374 3684 buius
1395 3626 1618 3686 Grammaticos.

303 3758 310 3771 ·
357 3734 363 3751 ⁵
404 3738 484 3797 llaec
506 3750 589 3799 aetas
611 3740 815 3818 complectitur
837 3760 887 3800 eas
909 3742 1020 3824 Editt.,
1052 3761 1129 3822 quae
1149 3761 1174 3802 ¹a
1203 3745 1339 3804 Iacobo
1366 3745 1543 3822 Micyllo,
1574 3746 1636 3822 ipso
1658 3744 1851 3804 Melantbone
1873 3758 2013 3823 rogante,
2045 3762 2147 3807 anctae
2170 3760 2201 3807 et
2222 3767 2307 3808 reco-

184 3885 186 3889 ,
275 3823 378 3900 gaitae
407 3837 494 3895 sunt,
522 3825 551 3882 id
584 3826 662 3904 quod
691 3844 747 3883 non
778 3844 817 3885 cx
848 3826 949 3885 indice
969 3827 1074 3888 barum
1096 3828 1188 3889 Editt.
1212 3830 1406 3909 intelligitur,
1439 3831 1491 3889 sed
1514 3848 1552 3889 ex
1573 3829 1706 3907 Epistola
1727 3831 1925 3889 Melantltonis
1947 3832 1984 3890 ad
2008 3833 2203 3891 Christianum
2225 3835 2306 3913 Ege-

273 3906 435 3986 nolpbum,
459 3911 675 3989 typographum
689 3911 1001 3988 Francol'ordicnsem,
1021 3913 1213 3993 Witebergae
1233 3935 1260 3975 a.
1279 3910 1373 3976 1540.
1396 3917 1505 3993 scripta
1527 3926 1558 3975 et
1579 3917 1660 3975 hisce
1685 3916 1773 3975 Editt.
1798 3917 1952 3994 adiuncta,
1975 3937 2051 3995 quae
2074 3921 2103 3975 in
2122 3917 2305 3978 Selectarum

269 3992 527 4055 Declamationum
547 3996 745 4055 Melanthonis
766 3998 956 4059 Ed.'lormae
976 4002 1047 4061 mai.
1093 3997 1294 4080 (argentorati
1319 3998 1411 4061 1541.
1442 4001 1487 4077 1.)
1510 4000 1752 4080 paee-765.
1776 4015 1806 4061 et
1827 4001 1919 4060 Editt.
1941 4002 2054 4062 formae
2077 4004 2147 4063 min.
2168 4005 2305 4064 Tomll.

272 4099 307 4158 pq
319 4075 385 4141 213
397 4101 462 4158 sqq.
493 4099 596 4139 recusa
627 4093 671 4140 cst
700 4086 740 4142 sic
768 4086 920 4161 inscriptae
963 4083 1139 4161 „Praelatio
1161 4086 1291 4163 Philippi
1313 4086 1512 4145 Melautbonis
1542 4089 1571 4145 in
1601 4088 1713 4163 Micylli
1740 4086 1999 4147 Grammaticam.”
2043 4102 2133 4167 atque
2162 4092 2190 4146 in
2220 4091 2306 4149 huius

273 4165 363 4245 Corp.
387 4165 455 4223 Vol.
470 4166 522 4226 ΙΙΙ.
544 4187 574 4245 p.
594 4164 894 4247 lttss-ttet.†).
946 4169 993 4227 Ex
1021 4173 1075 4228 ltac
1105 4172 1228 4247 epistola
1258 4171 1338 4229 iurat
1367 4171 1444 4230 bunc
1466 4172 1575 4230 afferre
1599 4174 1710 4246 locum,
1739 4193 1777 4232 ex
1800 4192 1858 4250 quo
1880 4174 1973 4230 lector
1995 4174 2192 4233 Melantbonis
2214 4176 2305 4234 etde

273 4267 326 4309 saa
348 4253 439 4336 ipsius¹
461 4252 661 4311 Grammaticis
684 4266 714 4312 et
739 4255 777 4314 de
800 4255 855 4313 hac
876 4255 988 4331 Micylli
1009 4257 1210 4333 recognitione
1232 4255 1295 4314 eius
1317 4256 1455 4314 iudicium
1480 4271 1645 4337 cognoscat.

665 4420 813 4484 Honesta
840 4419 922 4485 Viro
945 4419 1136 4486 Christiano
1157 4421 1356 4503 Egcnolplto
1378 4421 1566 4503 Philippus
1588 4421 1784 4488 Melanthos
1813 4423 1850 4486 S.
1873 4425 1919 4487 D.

402 4542 476 4602 Cum
507 4542 639 4602 riderem
668 4549 779 4603 versari
806 4546 914 4623 passim
946 4547 974 4603 in
1005 4544 1140 4603 manibus
1167 4563 1327 4623 puerorum
1356 4545 1490 4605 libellum
1520 4564 1608 4606 ame
1631 4548 1777 4624 quondam
1801 4548 1839 4604 ad
1861 4566 1945 4605 usum
1968 4547 2078 4604 Ebneri
2098 4546 2304 4624 adolescentis,

272 4625 313 4684 de
334 4627 552 4687 Grammaticae
575 4629 732 4688 elementis
754 4633 927 4705 collectum,
951 4648 1041 4708 saepe
1062 4632 1178 4709 optavi,
1204 4644 1235 4689 ut
1258 4632 1391 4691 eruditus
1412 4633 1518 4710 aliquis
1539 4651 1574 4690 ac
1594 4632 1725 4709 prudens
1746 4651 1850 4693 censor
1865 4651 1934 4694 eum
1947 4633 2138 4707 emendaret,
2160 4644 2192 4691 et
2209 4651 2304 4711 quae-

270 4710 341 4771 dam
368 4713 511 4772 adiiceret
539 4732 557 4771 a
585 4732 634 4772 me
663 4734 721 4772 non
750 4730 833 4775 recte
861 4718 1085 4794 praetermissa,
1127 4725 1177 4774 aut
1206 4730 1290 4776 certe
1319 4732 1351 4777 ut
1380 4718 1502 4776 sederet
1528 4717 1747 4776 Grammaticen
1781 4718 1924 4793 aptiorem
1955 4729 1986 4777 et
2014 4718 2161 4776 utiliorem
2192 4722 2304 4796 pueris.

271 4796 448 4876 Quanquam
472 4800 551 4856 enim
573 4811 681 4859 extant
697 4801 887 4860 Grammatici
908 4803 974 4860 libri
997 4803 1172 4877 multorum,
1196 4812 1294 4862 tamen
1318 4804 1454 4881 plerique
1478 4813 1600 4881 propter
1621 4804 1821 4880 prolixitatem
1842 4802 2042 4880 negliguntur.
2085 4805 2182 4862 Valde
2204 4817 2304 4864 autem

271 4885 364 4961 probo
376 4883 491 4960 Micylli
513 4886 708 4943 eruditionem
731 4905 766 4945 ac
789 4887 942 4963 iudicium,
964 4900 995 4947 et
1017 4888 1101 4946 rideo
1124 4907 1191 4947 eum
1215 4906 1252 4946 ea
1273 4889 1382 4948 virtute
1405 4887 1572 4965 praeditum
1593 4905 1675 4960 esse,
1699 4900 1730 4944 ut
1753 4884 1938 4945 scholasticas
1960 4907 2066 4966 operas
2086 4910 2145 4947 non
2162 4888 2302 4950 fastidiat.

273 4968 373 5037 Quare
403 4988 469 5027 cum
499 4988 567 5028 eum
596 4983 720 5050 propter
747 4973 857 5049 ingenii
887 4974 1082 5052 elegantiam,
1110 4986 1141 5031 et
1170 4974 1366 5053 multiplicem
1395 4974 1607 5049 eruditionem,
1636 4992 1668 5030 ac
1699 4990 1794 5029 mores
1823 4975 1947 5048 optimos
1968 4992 2064 5031 amem
2087 4985 2118 5034 et
2139 4975 2302 5053 suspiciam,

270 5053 419 5132 proiecto,
434 5057 470 5115 ob
498 5055 575 5114 banc
603 5076 718 5116 causam
747 5058 840 5134 pluris
871 5062 960 5117 etiam
988 5058 1082 5130 facio,
1111 5060 1189 5136 quod
1216 5080 1274 5117 non
1298 5061 1440 5140 paratim
1463 5060 1578 5119 confert
1600 5076 1719 5137 operam
1742 5056 1780 5114 ad
1802 5057 1928 5116 iuranda
1950 5058 2075 5134 puerilia
2096 5061 2207 5136 studia,
2237 5080 2302 5119 cum

268 5203 325 5215 ...-

306 5286 340 5355 *J
360 5291 436 5339 liaeo
453 5291 501 5341 lta.
521 5293 637 5342 affertur
654 5307 673 5344 a
690 5293 830 5345 Strobelio
848 5294 866 5343 l.
880 5295 898 5347 l.
917 5311 943 5360 p.
957 5295 999 5346 27.
1019 5298 1046 5345 ct
1064 5297 1189 5346 Pauzero
1209 5299 1227 5348 1.
1241 5298 1259 5350 Ι.
1278 5296 1339 5346 Vll.
1359 5274 1384 5360 p.
1397 5297 1439 5349 61,
1461 5312 1502 5350 nr,
1515 5298 1558 5347 27,

304 5373 359 5439 **)
378 5377 452 5425 liaeo
470 5376 518 5425 tta.
537 5377 564 5426 ln
583 5377 653 5427 meis
672 5377 749 5427 libris
766 5379 819 5428 est.

303 5461 376 5526 Μ)
395 5463 473 5513 lianc
491 5463 541 5514 tta.
560 5477 594 5511 ex
611 5463 736 5512 biblioth.
754 5463 834 5525 regia
850 5464 1004 5526 stuttgard.
1023 5464 1052 5513 in
1071 5465 1195 5516 manibus
1213 5469 1310 5519 babeo.

305 5546 395 5614 ****)
414 5553 489 5601 llaec
506 5550 556 5598 Ed.
576 5549 602 5597 in
621 5548 748 5599 uibttotu.
767 5548 860 5598 ducali
876 5547 995 5616 coburg.
1014 5554 1067 5603 ost.

304 5633 343 5702 ἢ
361 5637 442 5689 cont.
460 5633 546 5687 eiiam
564 5643 633 5698 quac
650 5644 667 5681 a
685 5634 822 5685 munero
841 5635 942 5688 dasch.
963 5637 1012 5689 der
1029 5637 1134 5704 Pidcg.
1154 5641 1175 5691 1.
1194 5653 1220 5703 p.
1236 5638 1290 5693 bt!
1304 5653 1346 5704 sq.
1366 5641 1401 5690 de
1417 5641 1468 5690 teo
1486 5639 1605 5702 epistole
1623 5640 1793 5779 reterqtgug.
2005 5692 2008 5699 ,
