5125 6525
366 413 444 510 sor
568 401 571 406 ’
740 477 744 486 ,
984 402 1109 500 nutu.
1135 403 1249 502 uun.
1274 400 1478 475 scnnrl
1510 396 1839 474 utsromos-
1925 351 2019 492 Q
2110 431 2132 494 ῃ
2321 407 2405 502 m

365 588 501 669 randis,
526 581 730 677 praeditum
748 602 842 662 esse,
864 590 900 648 et
913 592 1071 649 caeteras
1085 576 1234 648 virtutes
1248 571 1358 645 habe·
1406 571 1576 643 Carolum
1599 571 1774 664 singulari
1794 576 2042 646 moderatione
2072 591 2223 650 naturae
2254 582 2403 674 praedi·

365 715 406 762 re
429 692 527 760 bono
550 699 589 788 eq
601 709 733 775 magno
754 682 916 775 principe
934 683 1079 774 dignas,
1104 691 1357 750 statueremus·
1405 688 1482 773 tum
1508 698 1600 757 esse,
1634 674 1898 770 maximequea
1925 681 2117 771 superbia,
2140 682 2313 767 saevitia,
2338 710 2405 772 cu-¹

367 816 438 890 que
473 790 535 861 tali
563 788 767 882 praeditum
796 798 947 871 natura,
982 808 1069 876 opes
1097 794 1132 851 et
1155 781 1355 878 potentiam
1406 777 1554 869 piditate
1580 775 1733 876 iniustae
1755 779 2015 853 dominationis
2038 779 2246 858 abhorrere.
2297 786 2403 860 Rsset

366 920 468 970 suam
486 893 746 964 collocaturum
764 913 857 970 esse,
882 910 959 956 non
975 889 1019 956 ad
1044 887 1268 967 nocendum,
1295 885 1356 954 sed
1408 880 1503 950 enim
1526 878 1756 952 formidanda
1781 881 1903 952 liberis
1930 896 2029 954 tanta
2056 890 2239 978 potentia,
2282 904 2406 964 essent

367 998 581 1072 adsalutem
597 988 749 1063 humani
765 989 922 1083 generis:
952 989 1073 1081 potius
1089 986 1255 1058 duximus
1278 1000 1358 1057 tan·
1407 983 1621 1054 metuendae
1633 979 1780 1075 imperii
1796 996 1830 1053 et
1852 985 1949 1056 orbis
1970 998 2150 1060 terrarum
2171 1015 2299 1082 graves
2321 1019 2401 1065 mn·

366 1101 412 1175 tis
445 1101 659 1170 instructum
696 1094 832 1163 viribus
865 1091 1068 1183 eligendum
1103 1115 1197 1173 esse,
1245 1113 1355 1182 quam
1408 1086 1582 1169 tationes,
1607 1084 1677 1157 nisi
1692 1099 1843 1156 naturae
1858 1088 2019 1161 bonitate
2036 1105 2071 1161 et
2093 1093 2224 1164 timore
2240 1093 2309 1164 Dei
2334 1121 2401 1188 po·

367 1205 477 1276 alium
493 1198 550 1273 bis
567 1196 774 1270 necessariis
789 1195 976 1287 praesidiis
992 1193 1214 1265 destitutum.
1407 1187 1557 1257 tentiam
1581 1188 1832 1259 moderaturus
1854 1190 2047 1266 videretur.
2097 1195 2207 1289 Quod
2224 1211 2265 1270 ut
2279 1222 2400 1291 spere·

468 1305 548 1374 Hoc
577 1300 726 1374 consilio
752 1298 953 1369 censuimus
982 1298 1071 1367 boni
1093 1294 1267 1390 principis
1292 1317 1357 1384 po·
1408 1316 1509 1372 mus,
1535 1290 1754 1382 gravissimis
1771 1295 1990 1383 argumentis
2016 1298 2242 1371 adducimur.
2289 1299 2398 1372 ludo·

367 1409 518 1480 tentiam
542 1404 736 1478 autoritate
757 1402 968 1471 armandam
983 1425 1069 1472 esse.
1120 1396 1355 1493 thuoniam
1407 1393 1458 1464 les
1475 1392 1571 1462 enim
1594 1392 1706 1486 ipsius
1727 1394 1870 1486 penitus
1893 1398 1998 1469 nobis
2023 1414 2206 1493 perspecta
2232 1415 2305 1488 est,
2338 1427 2401 1476 co-

365 1535 434 1582 nos
455 1533 531 1580 non
552 1521 692 1578 tantum
719 1504 957 1587 Germaniae,
996 1505 1057 1573 sed
1083 1502 1251 1571 universo
1276 1497 1356 1566 orbi
1408 1495 1668 1589 gnovimusque
1697 1519 1779 1566 eum
1811 1492 1944 1568 babere
1969 1501 2115 1571 infixam
2146 1505 2269 1575 animo
2298 1507 2403 1582 miei.

365 1628 543 1688 terrarum
560 1611 746 1682 consulere
759 1608 948 1688 debemus,
973 1606 1068 1675 vires
1091 1603 1355 1696 comparandae
1407 1600 1511 1668 licam
1531 1599 1770 1667 reverentiam
1787 1623 1870 1691 erga
1893 1602 2125 1694 religionem,
2152 1609 2257 1676 fidem
2276 1621 2399 1700 pacto-

365 1729 450 1788 sunt
483 1717 652 1802 adversus
682 1707 944 1779 valentissimos
969 1703 1107 1789 hostes,
1147 1731 1223 1775 non
1244 1704 1355 1773 modo
1407 1724 1487 1771 rum
1519 1701 1806 1772 constantissime
1839 1718 2040 1793 praestare,
2081 1721 2115 1778 et
2142 1734 2162 1777 a
2188 1713 2398 1782 crudelitate

365 1817 602 1898 Germaniae,
627 1816 688 1884 sed
708 1811 818 1881 totius
834 1807 1029 1881 Christiani
1043 1809 1213 1880 nominis.
1257 1807 1355 1874 Tan·
1407 1826 1517 1897 quam
1536 1802 1691 1873 maxime
1714 1800 1922 1877 abhorrere.
1977 1808 2069 1879 Sunt
2088 1825 2207 1882 autem
2233 1814 2398 1886 omnium

366 1922 411 1998 tis
434 1917 680 2000 incrementis,
707 1927 742 1982 et
763 1927 835 1982 tam
851 1913 997 1995 subitis,
1023 1938 1137 1983 asinos
1152 1912 1224 1979 iam
1242 1911 1355 1977 ferme
1406 1904 1626 1999 reliquarum
1643 1906 1817 1978 virtutum
1835 1910 2010 1995 nutrices,
2036 1914 2182 2005 religio,
2208 1918 2343 1990 veritas
2363 1931 2401 1988 et

366 2035 509 2097 centum
527 2033 650 2091 auctae
665 2030 749 2090 sunt
763 2041 819 2087 res
835 2016 1036 2085 Turcarum
1047 2070 1063 2099 ‚.
1084 2028 1123 2085 ut
1138 2011 1273 2083 nemini
1290 2013 1355 2080 du·
1378 2097 1383 2108 .
1408 2009 1656 2078 mansuetudo.
2102 2096 2107 2107 Ι

365 2125 467 2210 bium
491 2149 565 2195 esse
588 2120 719 2215 possit,
755 2145 815 2189 eos
835 2116 1029 2212 Imperium
1056 2117 1152 2188 orbis
1175 2130 1354 2185 terrarum
1509 2108 1650 2180 Deinde
1664 2110 1823 2180 familiae
1840 2128 1967 2183 natura
1985 2142 2194 2205 movemur,
2220 2143 2313 2214 quae
2327 2117 2398 2192 lm-

365 2230 435 2305 sibi
450 2227 634 2321 polliceri,
659 2248 734 2293 non
753 2225 861 2291 modo
887 2234 1035 2314 propter
1060 2221 1190 2291 virium
1216 2216 1354 2307 magni·
1406 2213 1546 2304 perium
1573 2215 1644 2282 iam
1668 2237 1783 2283 anuos
1805 2213 1884 2305 plus
1910 2220 2090 2311 octoginta
2116 2223 2164 2290 ita
2188 2222 2324 2307 tenuit,
2356 2237 2399 2295 ut

366 2333 550 2413 tudinem,
576 2329 637 2399 sed
652 2327 765 2396 multo
785 2326 897 2416 magis
915 2337 1063 2415 propter
1087 2322 1277 2394 inusitatos
1303 2331 1355 2386 at·
1406 2318 1569 2385 nondum
1592 2315 1777 2409 poenitere
1804 2341 1871 2388 nos
1890 2320 2162 2396 Austriacorum
2192 2326 2406 2419 principum¹

366 2461 437 2534 que
450 2430 679 2504 admirabiles
696 2452 885 2499 successus.
921 2426 968 2496 Et
982 2439 1022 2496 ut
1036 2426 1243 2496 omittamus
1256 2420 1355 2514 prio·
1407 2418 1546 2488 debeat.
1616 2416 1784 2510 inprimis
1807 2421 1903 2524 enim
1928 2425 2055 2497 enituit
2081 2428 2120 2498 in
2150 2441 2323 2524 utroque,
2356 2431 2397 2500 in

365 2564 427 2621 ra,
465 2536 629 2628 Solymus
653 2553 769 2622 nuper
790 2553 866 2598 non
889 2528 1023 2597 minori
1051 2529 1204 2610 virtute,
1244 2548 1353 2618 quam
1407 2544 1476 2589 avo
1492 2532 1528 2590 et
1541 2543 1699 2612 proavo,
1719 2522 1847 2590 eximia
1864 2528 2066 2599 moderatio
2083 2544 2118 2601 et
2131 2530 2278 2615 lenitas,
2302 2556 2396 2626 quae

364 2640 532 2716 felicitate
546 2636 696 2718 Persas,
722 2646 826 2702 antea
847 2632 1019 2713 invictos,
1053 2629 1191 2726 ingenti
1216 2625 1354 2720 praelio
1407 2623 1552 2718 quidem
1569 2623 1605 2691 in
1615 2622 1863 2694 Maximiliano
1873 2626 2024 2700 Caesare
2038 2658 2113 2702 non
2125 2647 2269 2726 poterat
2281 2635 2398 2727 segni·

364 2740 567 2837 superavit,
592 2751 627 2808 et
643 2762 685 2806 ex
701 2735 873 2807 Armenia
892 2734 1005 2804 eiecit.
1057 2733 1197 2804 Deinde
1214 2731 1355 2800 duobus
1407 2725 1472 2797 ties
1489 2725 1614 2797 videri.
1657 2725 1773 2798 Nemo
1790 2730 1887 2798 enim
1906 2747 1984 2803 erat
2002 2735 2064 2805 illo
2081 2738 2120 2805 in
2139 2738 2398 2808 armisacrior.

367 2842 595 2937 amplissimis
618 2839 738 2929 regnis
758 2838 862 2931 Syria
887 2849 921 2906 et
938 2838 1103 2931 Aegypto
1127 2833 1262 2928 potitus
1291 2845 1355 2902 est.
1407 2827 1558 2920 Quoties
1587 2830 1698 2899 armis
1728 2830 1912 2904 dimicavit
1944 2836 2037 2928 ipse!
2097 2840 2249 2933 Quoties
2275 2841 2399 2934 parvis

365 2947 413 3020 Et
428 2948 467 3015 in
482 2944 620 3014 oriente
637 2939 781 3032 lmperii
798 2940 943 3008 Turcici
957 2940 1109 3009 limitem
1126 2962 1207 3007 eum
1224 2934 1355 3006 consti·
1408 2930 1519 3022 copiis
1534 2932 1695 3022 ingentes
1716 2933 1808 3003 ludit
1829 2938 2020 3011 exercitus!
2072 2941 2266 3037 Nunquam
2283 2945 2398 3014 fortu-

366 3051 454 3133 tuit,
482 3047 543 3143 qui
566 3045 751 3140 quondam
771 3041 928 3111 Romani
953 3039 1100 3134 lmperii
1123 3041 1250 3109 luerat.
1304 3037 1355 3105 Ac
1406 3057 1475 3102 nae
1498 3036 1749 3105 succumbebat
1772 3036 1848 3108 eius
1870 3040 2023 3114 animus.
2073 3044 2211 3116 Rursus
2226 3046 2264 3113 in
2284 3047 2398 3116 victo·

366 3165 504 3224 tantam
522 3147 675 3241 gloriam
688 3157 927 3238 consequutus
945 3157 1016 3227 est,
1042 3159 1082 3215 ut
1096 3141 1251 3213 maiores
1272 3164 1355 3211 suos
1406 3137 1481 3218 ria,
1506 3135 1545 3204 in
1561 3149 1644 3230 toga
1668 3138 1876 3211 mitissimus
1893 3156 1984 3234 erat.-
2021 3144 2069 3217 Et
2089 3151 2184 3243 quod
2204 3147 2398 3238 singularis

365 3281 441 3331 non
458 3254 574 3327 solum
592 3250 693 3342 regni
709 3247 959 3341 amplitudine,
984 3249 1047 3319 sed
1064 3249 1172 3318 etiam
1187 3243 1354 3315 felicitate
1407 3250 1485 3309 erat
1511 3241 1744 3332 prudentiae,
1785 3244 1980 3339 praecipuo
2005 3251 2123 3342 studio
2148 3251 2316 3336 cavebat,
2350 3275 2398 3323 ne

365 3381 535 3452 superare
550 3355 727 3424 videatur.
778 3350 870 3422 Nam
889 3363 924 3420 et
938 3365 1042 3444 pater
1064 3364 1099 3420 et
1125 3375 1213 3419 avus
1226 3342 1354 3417 Maho-
1406 3344 1590 3413 iracundia
1616 3345 1783 3417 incitatus
1810 3351 1999 3439 praeberet
2028 3354 2250 3426 occasionem
2279 3368 2398 3427 muta·

364 3475 497 3545 metes,
520 3484 602 3529 cum
618 3456 764 3550 quidem
786 3456 858 3524 dux
873 3467 962 3524 esset
979 3479 1071 3525 unus
1093 3453 1255 3523 omnium
1280 3450 1355 3521 eius
1407 3444 1565 3519 tionibus
1583 3446 1760 3519 Ecclesiae
1783 3463 1846 3520 aut
1866 3447 2024 3544 lmperii.

366 3561 494 3639 aetatis
508 3559 704 3633 acerrimus
725 3570 760 3626 et
784 3557 1025 3640 felicissimus,
1053 3582 1133 3627 cum
1159 3563 1355 3625 tentassent
1508 3551 1565 3622 Ab
1581 3545 1651 3620 boc
1664 3565 1880 3645 prognatum
1898 3554 2090 3642 Carolum,
2114 3562 2247 3630 referre
2264 3560 2406 3630 avitam-

365 3666 530 3761 Syriam,
571 3660 724 3752 acceptis
754 3659 893 3751 magnis
915 3659 1138 3730 detrimentis
1161 3659 1245 3728 inde
1271 3669 1355 3729 sunt
1406 3653 1691 3724 moderationem
1706 3655 2044 3746 animadvertimus,
2068 3675 2104 3731 et
2119 3687 2159 3732 ea
2182 3688 2258 3733 esse
2280 3663 2394 3754 gravi-

351 3766 513 3861 ¹repnlsi.
562 3762 799 3856 AtSelymus,
824 3762 974 3831 velutin
989 3763 1116 3831 eodem
1133 3785 1251 3844 cursu,
1270 3784 1354 3852 pro-
1407 3768 1479 3824 tatc
1502 3759 1707 3847 praeditum
1731 3758 1882 3844 scimus,
1922 3776 1962 3832 ut
1988 3764 2132 3838 intuens
2154 3766 2193 3835 in
2216 3765 2394 3835 maiorum

364 3870 488 3962 fligato
503 3867 649 3937 Persico
671 3863 846 3947 exercitu,
871 3865 1011 3958 Syriam
1029 3878 1136 3959 atque
1151 3864 1354 3958 Aegyptum
1406 3858 1567 3953 exempla
1584 3861 1719 3931 nonsit
1741 3866 2018 3948 commissurus,
2044 3881 2086 3938 ut
2102 3869 2147 3937 ab
2161 3867 2233 3941 illis
2247 3871 2397 3961 degene-

316 4042 320 4053 ,
365 3996 442 4043 nou
457 3971 533 4043 sine
547 3970 723 4039 acerrima
734 3965 964 4037 dimicatione
977 3967 1016 4037 in
1026 3981 1239 4061 potestatem
1252 3990 1353 4037 suam
1406 3986 1502 4033 rasse
1518 3963 1678 4047 dicatur,
1704 3978 1744 4034 ut
1757 3964 1893 4038 alienos
1910 3993 2041 4053 mores,
2066 3970 2235 4062 indignos
2249 3971 2399 4041 maiori·

364 4073 514 4167 redegit.
580 4073 706 4156 llunc,
743 4093 825 4140 cum
846 4082 976 4142 natura
999 4071 1135 4163 gloriae
1158 4071 1354 4139 immensae
1405 4068 1484 4148 bus,
1499 4067 1734 4151 accersivisse,
1752 4082 1792 4138 ut
1804 4069 1943 4160 primus
1956 4074 2221 4145 laudatissimae
2236 4073 2396 4143 familiae

365 4179 516 4271 cupidus
532 4175 597 4261 sit,
622 4199 697 4244 non
713 4173 865 4243 accessio
880 4175 1026 4259 virium,
1051 4200 1126 4244 non
1142 4172 1354 4265 magnitudo
1406 4182 1529 4239 notum
1552 4170 1740 4265 superbiae
1766 4184 1800 4240 et
1822 4173 2041 4246 crudelitatis
2061 4176 2227 4248 inussisse
2245 4176 2394 4247 feratur.

364 4304 589 4359 successuum
602 4278 768 4348 incitaret
784 4278 902 4347 adres
918 4277 1071 4349 maiores
1088 4274 1355 4371 suscipiendas?
1408 4273 1574 4344 Meminit
1596 4276 1702 4343 etiam
1726 4276 1785 4340 avi
1807 4291 1996 4369 praecepta
2021 4281 2065 4349 de
2090 4281 2219 4349 timore
2235 4277 2322 4361 Dei,
2348 4278 2395 4346 de

363 4380 426 4463 lile
449 4408 537 4455 vero
559 4383 632 4452 iam
657 4379 840 4451 classicum
869 4379 1015 4466 cecinit,
1058 4393 1094 4450 et
1121 4379 1295 4449 exercitus
1316 4377 1354 4447 in
1407 4401 1491 4447 cura
1515 4379 1669 4451 tuendae
1687 4376 1889 4469 religionis,
1916 4382 1960 4449 de
1977 4383 2184 4452 clementia:
2217 4405 2329 4474 quae,
2356 4393 2401 4450 ut

362 4486 591 4559 Pannoniam
606 4484 716 4554 misit.
1408 4482 1527 4564 decet,
1553 4481 1651 4551 velut
1670 4481 1813 4550 oracula
1833 4483 2011 4555 observat.

467 4586 640 4658 Videmus
670 4597 788 4657 autem
820 4586 895 4654 lato
918 4589 1076 4680 quodam
1100 4581 1169 4655 lioc
1191 4599 1354 4678 tempore
1509 4585 1749 4681 Quanquam,
1782 4584 1870 4677 quid
1891 4610 1982 4678 opus
2005 4602 2058 4658 est
2075 4589 2181 4679 longa
2206 4584 2400 4658 oratione?

364 4690 454 4761 duas
487 4686 772 4758 bellicosissimas
813 4688 977 4761 nationes
1018 4687 1226 4760 coniunctas
1268 4714 1355 4775 esse,
1406 4688 1481 4760 lam
1500 4687 1680 4781 specimen
1694 4685 1891 4758 industriae
1915 4702 1950 4758 et
1972 4690 2144 4761 virtutum
2163 4689 2318 4761 aliarum
2335 4691 2400 4758 de·

363 4790 620 4865 Germanicam
643 4801 678 4858 et
703 4786 948 4882 Hispanicam.
1005 4790 1058 4860 Ac
1083 4803 1180 4861 tenet
1203 4791 1355 4863 Carolus
1407 4794 1461 4863 dit
1492 4793 1529 4861 in
1560 4788 1746 4884 llispania.
1813 4791 1892 4860 Avo
1922 4791 1997 4862 eius
2028 4807 2193 4863 materno
2227 4792 2398 4873 extincto,

364 4916 532 4984 magnam
548 4888 672 4961 ltaliae
688 4906 840 4985 partem.
891 4891 1015 4990 ltaque
1037 4894 1068 4964 si
1091 4895 1252 4966 omniurn
1270 4920 1355 4988 gen·
1408 4896 1529 4987 magni
1545 4906 1665 4965 motus
1681 4892 1720 4963 in
1737 4916 1862 4984 regno,
1889 4907 1925 4963 et
1941 4895 2060 4965 civiles
2077 4895 2276 4968 discordiae
2293 4904 2400 4965 erant

363 4995 454 5069 tium
473 4993 630 5067 consiliis
645 4997 717 5067 dux
730 4999 900 5067 adversus
913 4995 1050 5069 Tureas
1065 4996 1236 5088 legendus
1253 5011 1355 5083 esset,
1408 5011 1563 5069 exortae.
1597 4997 1671 5067 llas
1688 4997 1844 5066 adventu
1858 5022 1923 5069 suo
1937 4998 2123 5089 repressit;
2150 5021 2304 5092 cumque
2321 4996 2402 5071 cius

362 5092 462 5171 baud
477 5097 585 5171 dubie
600 5099 762 5171 omnium
776 5100 870 5171 votis
884 5112 1122 5192 expeteretur,
1139 5113 1175 5170 et
1189 5101 1355 5171 omnium
1406 5100 1565 5171 nationis
1597 5099 1739 5191 ingenia
1770 5100 2038 5173 bellicosissima
2062 5101 2154 5184 sint,
2198 5113 2233 5171 et
2256 5111 2401 5171 exteros

361 5201 541 5294 suffragiis
555 5201 802 5295 designaretur
817 5199 1018 5296 imperator
1034 5202 1197 5275 Carolus.
1231 5203 1354 5296 Quare
1406 5203 1574 5275 dominos
1594 5227 1670 5273 non
1698 5203 1802 5274 facile
1829 5204 2035 5295 patiantur,
2076 5216 2197 5273 tanmn
2220 5203 2298 5295 ipse
2320 5224 2397 5273 non

361 5316 479 5399 ¹dum
494 5317 529 5376 et
542 5307 733 5400 plerasque
750 5305 839 5377 alias
854 5310 997 5399 gentei,
1023 5329 1117 5401 quae
1143 5331 1222 5377 cum
1237 5304 1354 5399 lmpe·
1406 5321 1481 5379 tam
1499 5306 1630 5391 armis,
1659 5330 1767 5400 quam
1789 5305 1950 5390 virtutis,
1976 5330 2019 5377 ac
2040 5306 2232 5398 praecipue
2255 5303 2396 5377 bonite·

361 5406 420 5479 rlo
451 5421 577 5483 nostro
613 5409 784 5481 societate
811 5421 874 5477 aut
901 5398 1107 5482 ‘foederibus
1139 5408 1353 5479 coniunctae
1406 5400 1452 5481 tis
1477 5408 1737 5495 admiratione,
1776 5421 1890 5479 totam
1913 5407 2125 5501 Hispaniam
2149 5433 2247 5481 nunc
2268 5408 2318 5477 ita
2339 5429 2399 5476 rc·

361 5522 467 5597 suut,
492 5535 681 5603 speramns
696 5509 869 5581 iudicium
885 5523 1050 5585 nostrum
1073 5536 1216 5584 summo
1233 5512 1353 5585 studio
1406 5512 1497 5584 tinet
1510 5513 1549 5584 in
1566 5513 1704 5599 oflicio,
1730 5524 1772 5584 ut
1784 5534 1892 5583 nemo
1908 5511 2048 5605 Regum
2063 5536 2223 5607 unquam
2239 5524 2316 5581 tam
2333 5532 2400 5601 pa-

360 5613 579 5703 mbaturos
606 5637 700 5687 esse:
737 5613 947 5707 pracsertim
971 5638 1052 5685 cum
1076 5638 1203 5687 omnes
1228 5615 1354 5688 norint
1405 5630 1521 5698 catam
1539 5617 1706 5689 tenuerit.
1757 5613 1879 5709 Quare
1896 5628 2071 5710 quantum
2087 5610 2297 5688 humanitus
2312 5634 2411 5707 pto·¹

2447 5774 2479 5857 q,
