5125 6525
151 381 238 478 tot
369 332 484 470 1ιιι
534 329 911 468 ιιὲωιοιιοιιι
929 389 997 468 nr
1022 383 1377 468 cononanonu
1404 379 1583 498 canon
1608 370 2193 472 v.csr.ssn1s.sss

154 565 344 639 consilium
361 568 407 637 ad
423 566 683 636 defendendam
699 569 856 659 patriam
878 579 913 637 et
927 564 1076 662 Imperii
1093 568 1151 639 di·
1194 565 1430 659 Imperatori,
1457 589 1498 635 ac
1514 563 1664 634 domino
1682 575 1821 647 vestro,
1847 563 2033 633 obediatis.
2078 565 2189 657 Quod

154 670 340 763 gnitatem.
376 668 454 740 Etsi
470 682 588 739 autem
605 670 778 741 divinitus
792 670 932 762 potius,
958 695 1067 765 quam
1082 667 1148 742 hu·
1197 671 1342 765 quidem
1365 693 1430 739 vos
1446 692 1514 761 pro
1529 669 1617 750 lide,
1649 665 1783 735 virtute
1805 689 1847 734 ac
1870 666 2046 758 sapientia
2071 680 2189 739 vestra

154 795 262 843 mana
278 772 468 865 prudentia
485 773 680 863 perfectum
697 785 832 866 est,·ut
854 772 1059 845 voluntates
1081 797 1148 843 uo·
1196 774 1354 843 facturos
1375 796 1470 855 esse,
1508 794 1585 840 non
1608 768 1831 839 dubitamus:
1872 769 2083 861 praesertim
2107 793 2194 840 cunr

154 888 252 948 strae
268 886 527 967 congruerent:
555 886 677 944 tamen
698 869 767 944 hac
788 875 827 944 in
850 900 889 945 re
903 876 1011 946 etiam
1029 890 1146 948 vestra
1197 876 1256 945 ille
1271 887 1371 945 tanta
1386 876 1560 944 modestia
1577 871 1749 943 iudicium
1766 883 1929 966 nostrum
1956 895 1997 942 ac
2018 871 2189 963 suffragia

154 978 270 1047 virtus
285 1001 326 1046 ac
340 976 537 1069 sapientia,
562 973 755 1061 Electores,
781 978 976 1048 maximam
993 979 1145 1071 gloriam
1199 977 1448 1070 expectaverit.
1494 973 1547 1045 ¹Et
1561 976 1865 1069 quemadmodum
1880 975 1998 1045 nosin
2015 974 2188 1072 electione

153 1080 257 1150 vobis
288 1080 385 1172 apud
407 1092 547 1150 exteros
566 1079 682 1171 Reges
702 1080 836 1172 pariet3
883 1082 1089 1153 conciliabit
1112 1094 1146 1151 et
1197 1080 1460 1173 praestitimus,
1494 1102 1635 1173 nequa
1661 1078 1845 1148 internos
1870 1078 2189 1173 discordiaorire-

153 1182 443 1253 benevolentiam
464 1194 671 1253 nostrorum
692 1182 919 1276 principum,
959 1185 1022 1279 qni
1043 1184 1146 1255 vobis
1198 1196 1274 1255 tur:
1302 1183 1351 1252 ita
1369 1207 1433 1252 vos
1449 1194 1599 1274 propter
1622 1180 1802 1273 publicam
1818 1177 1965 1273 Imperii
1986 1179 2189 1276 tranquilli-

154 1298 278 1356 tantae
299 1284 354 1354 rei
379 1285 566 1355 arbitrium
590 1285 676 1356 solis
693 1286 976 1371 commiserunt,
1009 1300 1049 1357 ot
1070 1286 1146 1357 Do·
1198 1298 1307 1355 tatem
1324 1284 1518 1353 imitamini
1537 1295 1699 1354 nostrum
1719 1284 1920 1376 exemplum
1946 1296 1981 1353 et
2004 1283 2189 1353 communi

153 1388 294 1457 minum
319 1388 425 1480 ipsis,
463 1399 505 1458 nt
526 1390 709 1458 custodem
735 1389 900 1481 publicae
921 1390 1067 1475 salutis,
1105 1402 1147 1459 ut
1199 1388 1321 1458 animo
1337 1387 1447 1456 electo
1462 1385 1676 1477 Imperatori
1695 1388 1958 1478 obtemperate,
1983 1411 2089 1480 quem
2110 1386 2190 1457 iure

153 1487 350 1572 Ecclesiae,
397 1489 495 1560 orbis
528 1502 705 1561 terrarum
740 1481 1048 1585 propugnatorem
1084 1491 1146 1562 eli·
1199 1515 1240 1561 ac
1274 1491 1412 1582 legibus
1444 1488 1540 1559 scitis
1572 1489 1644 1556 iam
1680 1513 1753 1559 esse
1787 1502 1950 1560 nostrum
1986 1488 2189 1560 dominum.

155 1592 296 1684 geretis.
1197 1594 1292 1665 Nam
1323 1591 1448 1663 electio
1476 1594 1554 1662 iure
1576 1614 1618 1659 ac
1640 1589 1778 1682 legibus
1800 1592 1891 1659 facta
1917 1603 1980 1660 est.
2047 1591 2189 1663 Nullius

256 1692 363 1785 Apud
381 1690 447 1765 hos
468 1717 510 1763 eo
535 1693 616 1785 plus
642 1696 894 1768 admirationis
914 1693 1005 1767 haec
1028 1706 1145 1766 vestra
1198 1697 1286 1767 novi
1302 1694 1454 1785 exempli
1471 1706 1615 1764 autores
1633 1717 1757 1763 sumus
1775 1705 1898 1761 contra
1915 1693 2021 1783 leges.

146 1796 339 1887 diligentia
368 1796 595 1889 gravitasque
623 1792 750 1883 habet,
790 1801 888 1893 quod
913 1799 983 1892 ipsi
1011 1808 1147 1868 norunt
1301 1797 1366 1869 Est
1381 1809 1500 1867 autern
1520 1796 1675 1865 officium
1697 1795 1955 1877 necessarium,
1981 1807 2192 1886 etpraeser-

155 1900 331 1993 quosdam
362 1922 438 1967 non
465 1900 576 1968 modo
607 1901 716 1971 variis
738 1901 916 1985 artificiis,
948 1901 1144 1974 sedetiam
1199 1902 1262 1971 tim
1282 1898 1503 1993 sapientibus
1519 1923 1560 1967 ac
1582 1898 1722 1990 magnis
1744 1898 1831 1969 viris
1854 1897 2023 1988 dignum,
2057 1895 2127 1965 iuri
2149 1919 2191 1966 ac
2263 1970 2267 1974 ,
2314 1927 2317 1933 ·

153 2000 350 2093 propositis
373 2000 481 2071 minis
506 2026 547 2070 ac
568 2004 784 2090 terroribus,
820 2006 1022 2097 conscripto
1047 2027 1147 2073 exer·
1197 2004 1335 2093 legibus
1370 2004 1638 2094 obtemperare,
1685 2024 1812 2094 parcre
1846 1999 2023 2083 dominis,
2064 2020 2191 2069 cavere

154 2104 229 2173 citu
254 2098 324 2172 hoc
344 2103 463 2195 ipsum
487 2117 637 2176 conatos
661 2130 754 2191 esse,
786 2119 827 2178 ut
846 2120 988 2179 nostras
1008 2118 1146 2177 mentes
1198 2107 1299 2178 omni
1314 2105 1452 2188 studio,
1478 2129 1523 2191 ne
1542 2104 1766 2175 contumacia
1789 2103 2005 2195 dissipentur
2023 2100 2190 2193 Imperia.

154 2201 396 2276 distraherent
425 2231 465 2275 ac
500 2206 746 2282 dissociarent.
809 2210 959 2281 Utinam
973 2219 1144 2280 ‘nostrum
1197 2213 1249 2283 Ac
1265 2224 1387 2281 tamen
1403 2220 1444 2277 ut
1457 2207 1627 2277 libentius
1642 2203 1727 2276 huic
1744 2206 1892 2276 domino
1910 2204 2088 2297 pareatis,
2113 2227 2192 2274 eae-

154 2309 356 2399 exemplum
381 2321 416 2378 et
438 2310 590 2401 posteris
612 2313 746 2403 prosit,
779 2314 842 2407 qui
864 2313 1008 2408 quantis
1031 2311 1147 2381 laudi·
1198 2318 1279 2383 dem
1296 2337 1360 2381 vos
1374 2311 1532 2380 rationes
1547 2305 1758 2391 hortentur,
1785 2332 1877 2402 quae
1892 2308 2032 2380 animos
2047 2307 2192 2378 nostros

154 2411 222 2482 bus
238 2423 394 2481 vestram
413 2412 644 2482 celebrabunt
666 2416 877 2507 sapientiam
902 2429 937 2484 et
959 2413 1145 2484 virtutem!
1198 2417 1236 2483 in
1252 2414 1424 2484 electione
1440 2423 1644 2482 moverunt.
1695 2409 1841 2480 Etenim
1857 2435 1932 2478 non
1957 2411 2074 2480 solum
2097 2405 2191 2479 nihil

156 2512 255 2607 quod
274 2513 434 2596 cavistis,
459 2537 505 2582 ne
521 2514 698 2585 discordia
715 2518 887 2587 intervos
910 2528 989 2586 orta
1011 2515 1144 2585 bellum
1199 2529 1322 2587 contra
1345 2517 1439 2605 leges
1464 2515 1634 2597 fecimus,
1661 2515 1723 2582 sed
1747 2514 1876 2594 etiam,
1908 2522 2085 2605 quantum
2107 2535 2192 2603 pro-
2284 2516 2286 2520 ’

156 2626 343 2684 aeternum
358 2628 393 2683 et
407 2615 549 2685 exitiale
566 2616 704 2708 patriae
729 2619 954 2689 excitaretur.
1012 2618 1081 2688 Sed
1107 2630 1146 2688 ut
1198 2619 1288 2712 spici
1318 2642 1339 2685 a
1372 2614 1478 2687 nobis
1510 2615 1649 2708 potuit,
1690 2613 1770 2684 Deo
1798 2616 2021 2707 gubernante
2049 2625 2192 2683 nostras

156 2728 240 2787 ante
254 2716 347 2800 dixi,
371 2714 489 2787 Deum
508 2739 742 2808 agnoscamus
765 2733 927 2792 autorem
948 2744 1022 2791 esse
1040 2716 1147 2792 huius
1199 2735 1335 2791 mentes
1358 2720 1397 2787 in
1420 2718 1640 2810 designando
1662 2718 1844 2811 principe,
1876 2716 2060 2787 communi
2084 2711 2192 2787 saluti
2298 2711 2300 2715 ’

155 2842 367 2903 consensus,
407 2843 561 2913 eumque
589 2823 796 2895 ardentibus
824 2824 918 2895 votis
946 2847 1147 2915 precemur,
1199 2826 1297 2895 orbis
1313 2835 1491 2893 terrarum
1510 2821 1694 2891 consulere
1711 2821 1830 2890 conati
1844 2843 1978 2891 sumus.

154 2934 197 2991 ut
219 2922 265 2993 sit
286 2935 490 3014 perpetuus.
562 2921 703 2994 Deinde
723 2938 914 3021 postquam
940 2926 1071 2998 electus
1095 2938 1148 2997 est
1302 2925 1444 3019 Quare,
1470 2938 1512 2995 ut
1529 2924 1707 2994 sancitum
1724 2936 1795 3007 cst,
1819 2921 2076 2993 Germanicum
2092 2920 2193 3013 prin-

155 3022 327 3107 carolus,
368 3049 443 3095 non
467 3028 690 3112 dubitemus,
730 3029 818 3122 quin
842 3027 912 3098 Dei
935 3029 1084 3101 consilio
1112 3040 1148 3098 ct
1199 3028 1335 3120 cipem,
1362 3029 1561 3123 etquidem
1586 3028 1625 3095 in
1645 3026 1783 3095 familia
1801 3022 2038 3118 Imperatoria
2064 3035 2192 3092 natum

154 3126 341 3197 voluntate
370 3129 416 3196 ad
443 3123 513 3198 hoc
542 3141 682 3201 tantum
712 3131 894 3223 fastigium
923 3145 1064 3203 evectus
1090 3132 1146 3202 sit.
1199 3132 1391 3223 elegimus,
1417 3155 1524 3226 quern
1540 3130 1662 3199 indole
1678 3132 1723 3199 ad
1740 3128 1908 3199 virtutem
1929 3125 2068 3217 egregia
2087 3127 2192 3217 prae-

153 3226 248 3302 Nam
272 3224 368 3301 haud
393 3231 500 3302 dubie
529 3233 604 3303 fato
637 3245 672 3304 et
693 3235 879 3306 voluntate
898 3232 968 3306 Dei
994 3235 1146 3328 imperia
1199 3235 1314 3305 ditum
1336 3258 1412 3304 esse
1434 3232 1680 3325 cognovimus.
1739 3230 1912 3301 Eminent
1934 3241 2053 3299 autem
2080 3228 2118 3295 in
2147 3250 2191 3298 eo

156 3333 299 3403 dantur.
1198 3340 1291 3407 duae
1313 3337 1482 3420 virtutes,
1516 3358 1609 3429 quae
1632 3334 1671 3403 in
1696 3357 1838 3404 summo
1855 3331 2018 3425 principe
2035 3330 2192 3399 maxime
2256 3402 2260 3407 ,

257 3437 416 3525 Agamus
434 3436 543 3527 igitur
558 3435 637 3506 Deo
653 3437 806 3528 gratias,
831 3439 929 3531 quod
947 3437 1146 3529 principem
1198 3439 1442 3521 necessariae,
1482 3438 1642 3507 salubres
1672 3449 1708 3505 et
1731 3449 1854 3527 gratae
1884 3448 1988 3518 sunt,
2027 3432 2193 3529 videlicet

155 3537 261 3608 nobis
283 3541 443 3630 optimae
469 3551 577 3632 atque
603 3539 844 3632 amplissimae
868 3541 944 3631 spei
962 3539 1080 3623 dedit,
1107 3563 1148 3609 ac
1200 3566 1304 3611 amor
1319 3539 1503 3632 religionis
1517 3552 1553 3609 et
1566 3539 1709 3609 bonitas
1724 3537 1865 3609 eximia.
1898 3538 2063 3632 Quarum
2079 3536 2191 3635 altera

153 3652 339 3733 petamus,
363 3652 404 3708 ut
418 3640 573 3732 auspicia
589 3638 737 3732 Imperii
752 3641 824 3712 sint
838 3643 951 3712 fausta
969 3655 1005 3712 et
1018 3642 1147 3728 felicia,
1200 3670 1282 3714 eum
1301 3646 1347 3713 ad
1362 3643 1549 3735 fugiendas
1562 3642 1750 3727 libidines,
1783 3643 1828 3710 ad
1851 3641 2016 3710 vitandas
2039 3651 2192 3709 temera·

156 3754 194 3812 et
213 3753 255 3812 ut
270 3740 368 3813 Deus
391 3742 565 3832 gubernet
580 3743 688 3835 Regis
707 3743 828 3814 Caroli
853 3745 1037 3830 animum,
1063 3770 1148 3815 con·
1199 3748 1271 3817 rias
1286 3747 1504 3816 mutationes
1521 3745 1559 3814 in
1568 3745 1726 3815 Ecclesia
1743 3743 1997 3836 etRepublica,
2021 3744 2067 3811 ad
2083 3742 2191 3811 fidem

156 3843 257 3927 silia,
288 3845 464 3929 actiones,
495 3847 540 3914 ad
564 3846 715 3936 gloriam
732 3843 866 3918 Christi
885 3848 1147 3934 illustrandam,
1199 3852 1433 3933 servandarn,
1457 3847 1820 3942 constantiamquein
1836 3845 2042 3940 promissis,
2069 3847 2113 3914 ad
2131 3846 2192 3914 de·

157 3948 203 4017 ad
225 3944 405 4019 Ecclesiae
432 3949 729 4043 tranquillitatem
754 3951 1062 4036 constituendam,
1101 3954 1147 4022 ad
1198 3953 1396 4023 fensionem
1411 3951 1612 4043 Religionis
1635 3963 1670 4020 et
1685 3948 1833 4043 Imperii
1855 3949 2038 4021 exuscitet.
2082 3947 2192 4018 Utra-

154 4049 295 4142 patriae
320 4063 428 4145 atque
450 4048 597 4143 lmperii
627 4076 752 4144 pacem
778 4054 1057 4140 defendendam,
1101 4057 1147 4124 ad
1199 4080 1269 4150 que
1294 4079 1381 4125 vero
1405 4051 1572 4146 prohibet
1594 4054 1803 4137 saevitiam,
1836 4053 2104 4133 crudelitatem,
2136 4050 2192 4118 in-

154 4152 358 4242 religionis,
389 4155 531 4245 legum,
562 4155 737 4238 iustitiae,
772 4156 982 4250 disciplinae
1006 4181 1148 4227 conser·
1198 4160 1329 4229 iustam
1347 4158 1578 4249 cupiditatem
1596 4157 1787 4225 vindictae.
1840 4155 1917 4225 Etsi
1935 4154 2030 4223 enim
2056 4151 2191 4221 iudica-

155 4255 352 4326 vationem.
417 4257 517 4327 llaec
538 4257 696 4348 ingentia
724 4259 819 4327 bona
844 4260 1041 4352 cogitemus
1064 4283 1147 4329 vere
1199 4261 1316 4330 vimus
1342 4284 1432 4351 opus
1458 4285 1531 4329 esse
1552 4271 1698 4352 potente
1720 4257 1903 4350 principe,
1930 4257 1992 4349 qui
2018 4253 2193 4323 autorita-

158 4379 232 4427 esse
247 4358 410 4428 coelestia
425 4360 616 4443 beneficia,
643 4385 736 4454 quae
751 4363 874 4453 generi
896 4360 1057 4433 humano
1083 4356 1155 4453 per
1198 4376 1269 4433 tem
1308 4362 1414 4432 etiam
1456 4362 1591 4432 viribus
1623 4361 1717 4430 tueri
1753 4371 1890 4452 posset:
1938 4369 2059 4425 tamen
2090 4351 2191 4453 prins
2301 4432 2304 4439 ,

155 4461 272 4529 bonos
303 4461 484 4553 principes
510 4461 608 4533 Deus
641 4462 822 4556 impertit,
871 4488 982 4559 quare
1016 4488 1036 4532 a
1067 4463 1146 4534 Deo
1198 4466 1383 4557 ingenium
1419 4476 1455 4534 et
1486 4489 1605 4535 mores
1640 4461 1956 4534 consideravimus.
2020 4455 2189 4527 Potentia

155 4562 227 4654 piis
240 4573 277 4631 et
293 4563 443 4634 assiduis
460 4566 625 4655 precibus
640 4568 794 4657 petenda
817 4579 912 4639 sunt.
964 4567 1147 4662 Quemad-
1200 4570 1296 4638 enim
1311 4567 1588 4649 nonsalutaris,
1614 4569 1676 4637 sed
1697 4563 1899 4658 perniciosa
1921 4573 2012 4633 esset
2034 4561 2134 4643 orbi,
2159 4557 2191 4630 si

154 4667 305 4735 modum
323 4665 403 4750 ille,
426 4688 505 4736 cnm
520 4667 641 4762 inquit
657 4671 702 4739 de
717 4668 815 4753 Deo,
842 4673 903 4764 qui
919 4672 981 4741 dat
995 4670 1146 4741 salutem
1199 4670 1382 4762 ingenium
1408 4672 1485 4739 leve
1508 4682 1571 4740 aut
1593 4670 1729 4740 malum
1756 4678 1856 4739 esset.
1913 4663 1978 4736 Est
2002 4676 2122 4734 autem
2146 4682 2189 4730 ea

153 4766 333 4860 Regibus,
375 4770 547 4839 admonet
575 4771 624 4839 ita
655 4796 728 4842 esse
754 4773 870 4850 felicia
902 4774 1076 4865 imperia,
1117 4774 1147 4843 si
1199 4775 1271 4843 iam
1287 4785 1405 4856 aetas,
1429 4796 1544 4865 paene
1565 4797 1658 4865 quae
1680 4771 1750 4842 fnit
1765 4769 1963 4839 Alexandri
1985 4766 2111 4858 Magni
2133 4786 2190 4834 cs-

154 4869 253 4941 Deus
267 4873 328 4941 det
343 4872 514 4956 salntem,
542 4871 571 4943 si
588 4874 762 4964 gubernet
776 4890 885 4970 atque
907 4877 1053 4947 adiuvet
1074 4900 1147 4960 eos,
1198 4878 1373 4969 pessentis
1392 4874 1610 4967 Imperium,
1646 4876 1683 4944 in
1707 4898 1777 4969 qua
1802 4874 1896 4942 vires
1918 4871 2080 4963 corporis
2105 4892 2192 4960 pro·

158 4972 221 5064 qni
235 4974 453 5065 respublicas
469 4974 735 5049 administrant.
1198 4981 1394 5073 pemodum
1419 4991 1690 5062 maturuerunt,
1722 4991 1757 5046 et
1780 4975 1917 5067 ingenii
1936 4974 2059 5065 vigor,
2085 4971 2191 5040 indu·

258 5074 394 5147 Omnes
424 5078 535 5168 igitur
562 5079 726 5148 invocate
746 5077 863 5148 Deum
887 5091 924 5149 et
946 5079 1146 5151 Dominum
1199 5084 1306 5167 stria,
1333 5083 1524 5173 sagacitas,
1552 5094 1587 5151 ct
1603 5105 1721 5151 mores
1740 5104 1777 5151 se
1800 5079 2011 5172 proferunt,
2037 5088 2079 5146 nt
2098 5072 2191 5144 iudi·

154 5187 319 5247 nostrum
336 5176 451 5250 Iesum
468 5176 672 5265 Christum,
699 5194 734 5251 et
754 5177 846 5253 hanc
863 5182 998 5253 Psalmi
1022 5209 1145 5254 vocem
1200 5186 1293 5269 cari,
1318 5185 1435 5279 qualis
1449 5184 1495 5255 sit
1509 5196 1661 5268 natura,
1689 5182 1813 5276 possit.
1872 5180 1996 5275 ltaque
2021 5202 2102 5248 curn
2125 5174 2191 5247 sci-

153 5280 217 5373 pio
246 5293 390 5371 pectore
418 5283 655 5374 ingeminate,
697 5308 789 5378 quae
811 5288 1054 5375 precationem
1079 5312 1147 5379 pro
1199 5313 1340 5373 remus,
1364 5287 1499 5379 Regem
1515 5286 1766 5358 Carolumsuo
1785 5284 1919 5356 iudicio
1942 5282 2055 5352 multa
2078 5275 2202 5349 hone-¹

153 5406 238 5474 rege
261 5384 436 5455 continet:
474 5385 598 5456 Mittas
616 5387 683 5458 tibi
705 5387 875 5457 auxilium
899 5391 944 5458 de
964 5403 1087 5461 sancto
1112 5403 1147 5461 et
1198 5404 1251 5462 ste
1268 5406 1303 5461 et
1320 5391 1477 5484 graviter
1493 5393 1730 5483 respondere,
1758 5386 2017 5460 ctnonsolum
2034 5405 2109 5450 non
2128 5375 2189 5447 he-

153 5486 200 5556 de
218 5485 306 5557 Sion
323 5501 466 5558 tueatur
483 5501 530 5559 te.
573 5489 847 5561 Publicoetiam
862 5493 1009 5563 nomine
1025 5505 1147 5586 postu·
1198 5496 1338 5580 betem,
1363 5497 1422 5564 sed
1441 5494 1549 5563 etiam
1566 5493 1740 5587 singulari
1755 5491 1930 5563 industria
1949 5499 1985 5557 et
2005 5479 2188 5575 diligentis
2313 5544 2317 5550 .

150 5587 289 5677 ls'mm,
329 5604 371 5664 ut
391 5590 523 5664 Carolo
549 5591 640 5685 Regi
667 5594 937 5682 Romanorum,
976 5606 1014 5667 et
1034 5598 1157 5669 electo'
1198 5597 1238 5667 in
1254 5599 1430 5669 obeundis
1446 5599 1620 5691 negotiis,
1648 5609 1710 5669 aut
1733 5591 1966 5689 providendis
2013 5597 2076 5658 aut
2097 5581 2199 5654 iudi·

85 5722 124 5811 dl
