5125 6525
408 438 481 511 ⁷71
604 489 607 493 »
1036 444 1396 523 ADDITAMENTA
1420 445 1489 519 ΑΙ)
1514 446 1657 519 VOLL.
1683 447 1808 519 l-X.
2384 442 2445 522 772

407 609 630 706 Plumeaque
645 612 682 680 in
699 616 806 706 sylvis
821 628 988 706 repetunt
1005 616 1174 686 animalia
1192 619 1311 707 nidos,

409 712 550 783 Scilicet
563 727 598 783 et
612 728 769 785 rostrum
786 718 924 808 tepidas
937 722 1043 787 fixere
1059 720 1124 789 sub
1142 719 1231 789 alas:

410 814 552 906 Claugit
569 820 612 886 ad
629 840 728 885 arma
745 820 887 902 furens,
914 833 948 889 et
965 846 1052 890 voce
1068 821 1209 892 silentia
1224 823 1358 905 turbat,

410 916 457 987 Et
471 931 587 987 rostro
602 920 733 990 fractos
746 922 884 992 sonitus
899 922 1063 991 imitante
1083 924 1250 993 tubarum

408 1018 603 1090 Excubitor
618 1024 732 1091 lucem
752 1024 964 1095 mortalibus
978 1025 1113 1093 indicat
1129 1025 1212 1095 ales.

407 1118 506 1191 ldem
522 1123 628 1192 etiam
646 1125 775 1215 pugnis
791 1138 914 1218 aptus,
939 1150 1046 1196 nemo
1065 1127 1183 1196 acrior
1197 1125 1259 1194 illo

408 1224 539 1315 Ungue
553 1238 679 1296 notare
694 1222 814 1298 hostes
833 1242 868 1297 et
888 1254 965 1298 rem
983 1231 1173 1299 decernere
1189 1240 1321 1299 rostro.

408 1324 505 1395 Tum
521 1351 644 1397 vocem
661 1329 798 1423 excepit
813 1330 983 1423 Fringilla
1000 1331 1179 1424 loquentis
1193 1332 1238 1399 ab
1259 1353 1338 1399 ore:

409 1426 444 1498 Ο
459 1429 577 1499 sinon
592 1431 754 1521 pluviae,
777 1456 844 1504 nec
859 1434 1129 1526 tempestatibus
1144 1432 1232 1502 atris

408 1530 587 1616 serviret,
610 1557 817 1628 pennasque
833 1538 879 1605 ad
893 1549 1034 1606 motum
1043 1535 1075 1628 ⁶)
1093 1546 1248 1603 verteret
1263 1554 1372 1602 aurae

408 1633 551 1721 Gallus,
577 1661 683 1729 quem
701 1638 810 1708 variis
830 1638 867 1705 in
883 1639 1021 1707 coelum
1041 1636 1206 1706 laudibus
1221 1636 1337 1706 effers.

408 1736 532 1831 Sitque
547 1737 684 1806 utinam
700 1739 829 1829 pugnis
844 1752 970 1832 aptus,
996 1763 1041 1808 ne
1058 1738 1198 1829 turgida
1215 1739 1321 1830 pulsu

408 1837 554 1908 Solvere
568 1840 668 1908 labra
684 1853 807 1933 queat:
836 1855 930 1911 certe
948 1865 1056 1911 nemo
1072 1841 1191 1909 acrior
1204 1839 1267 1908 illo

408 1941 502 2010 Ante
519 1940 652 2024 aciem,
679 1943 775 2014 solus
790 1967 865 2013 non
882 1944 978 2012 mille
996 1942 1177 2013 verebitur
1191 1936 1322 2012 bostes.

408 2043 511 2114 Stare
526 2044 606 2113 loco
622 2044 752 2129 nescit,
776 2045 886 2115 micat
900 2046 1058 2131 eminus,
1082 2056 1116 2113 et
1129 2044 1252 2114 trenut
1265 2044 1348 2122 alte,

407 2145 454 2215 Et
468 2146 583 2216 levior
596 2145 691 2218 foliis
704 2148 830 2239 quavis
846 2147 1043 2238 impellitur
1059 2170 1160 2217 aura.

408 2248 511 2340 Quae
541 2272 624 2316 nam
657 2248 766 2340 igitur
792 2250 974 2333 volucres,
1009 2272 1101 2343 quae
1129 2271 1193 2317 vos
1223 2244 1396 2316 sententia

1031 2351 1126 2440 cogit

406 2451 606 2522 Praeficere
620 2452 773 2542 imperio
790 2451 956 2535 Gallum,
982 2451 1046 2545 qui
1063 2452 1100 2518 in
1117 2451 1222 2521 sorde
1237 2450 1375 2519 solebat

407 2554 580 2625 Stridenti
597 2553 766 2623 miserum
783 2568 901 2626 rostro
918 2554 1122 2646 disperdere
1138 2575 1296 2634 carmen,

406 2656 480 2748 Qui
496 2668 614 2727 rostro
629 2656 737 2747 petit,
766 2670 801 2726 et
816 2657 966 2748 pedibus
982 2657 1044 2750 qui
1063 2654 1197 2746 spargit
1214 2677 1374 2722 arenam.

406 2758 481 2851 Qui
495 2757 668 2828 Cuculum
683 2781 759 2828 non
778 2758 872 2842 odit,
899 2771 994 2828 amet
1010 2771 1069 2827 tua
1089 2756 1247 2825 carmina
1267 2755 1382 2826 Galle.

405 2860 482 2933 Nos
493 2860 644 2950 legimus
660 2883 773 2950 regno
790 2862 992 2945 volucrem,
1020 2860 1076 2930 cui
1093 2882 1177 2928 cura
1198 2859 1380 2928 modestae

405 2960 511 3033 Pacis
528 2961 615 3045 erit,
639 2963 765 3030 doctae
783 2962 840 3031 cui
856 2961 958 3054 copia
974 2961 1073 3030 vocis
1090 2961 1129 3028 in
1148 2983 1210 3027 ore
1227 2972 1291 3030 est.

405 3064 476 3135 Sed
491 3077 647 3133 veterem
661 3064 792 3154 repetit
807 3063 946 3156 Coccyx
960 3063 999 3131 in
1012 3063 1140 3132 fronde
1155 3073 1331 3143 tenorem,

406 3166 481 3239 Nec
498 3179 592 3236 certa
609 3166 756 3256 regione
769 3166 860 3248 loci,
885 3190 951 3235 nec
966 3165 1043 3256 lege
1060 3177 1214 3246 tenetur,

406 3269 481 3341 Nec
500 3293 669 3362 praesens
684 3265 793 3339 babet
811 3271 869 3339 ille
886 3270 1013 3352 fidem,
1037 3269 1122 3337 licet
1134 3267 1263 3337 arbore
1280 3266 1319 3334 in
1334 3267 1395 3335 illa

408 3372 583 3445 Consessu
599 3371 756 3442 medium
773 3397 847 3442 sese
865 3371 963 3455 tulit,
991 3396 1100 3464 ocyor
1115 3369 1215 3439 Euro

405 3474 530 3568 Turpe
545 3475 612 3545 iter
627 3474 798 3566 arripuit,
823 3475 1016 3567 sedemque
1031 3475 1069 3541 in
1084 3497 1171 3542 voce
1187 3470 1346 3565 reliquit,

404 3577 452 3647 Et
463 3577 671 3668 singultanti
685 3577 839 3646 involvit
852 3601 978 3647 nemus
994 3600 1101 3645 omne
1115 3575 1266 3645 ululatu.

404 3677 507 3748 Pone
523 3690 612 3759 stat,
639 3691 674 3747 et
691 3692 828 3749 moesto
847 3680 966 3749 tundit
982 3702 1044 3749 sua
1062 3689 1206 3769 pectora
1224 3677 1370 3769 planctu

405 3778 637 3872 Suppositum
656 3777 813 3849 Curruca
836 3805 968 3850 vocans
987 3780 1025 3847 in
1043 3780 1179 3848 crimen
1197 3780 1395 3861 alumnum,

275 3958 281 3967 .
405 3880 453 3951 Et
468 3881 592 3952 Cuculi
608 3904 741 3949 nomen
758 3882 872 3949 defert
884 3880 969 3974 def)
990 3883 1096 3950 caede
1110 3892 1266 3972 peracta.

405 3982 527 4056 Hostis
542 3996 583 4053 ut
597 3979 727 4075 hospes
743 3995 837 4065 erat,
864 3985 1002 4073 generis
1017 4008 1101 4051 nam
1116 3985 1240 4051 funere
1255 3981 1370 4053 nostri

404 4083 601 4177 lngluviem
621 4085 792 4176 explevit,
815 4098 990 4178 natosque
1008 4099 1090 4154 ante
1108 4109 1169 4153 ora
1189 4097 1379 4176 parentum

404 4186 583 4259 lmmersit
613 4189 800 4271 rabidam,
839 4189 937 4282 quod
965 4212 1031 4258 nec
1059 4191 1150 4258 bene
1182 4200 1319 4275 vertat,
1355 4188 1394 4257 in

1025 4291 1157 4378 alvum,

403 4401 464 4472 Me
480 4421 624 4496 quoque
642 4396 687 4464 ab
702 4394 813 4463 infido
828 4386 881 4461 nil
899 4390 1040 4485 bospite
1056 4395 1126 4462 tale
1144 4392 1342 4464 timentem.

405 4505 514 4575 Plura
528 4503 714 4571 locuturae
729 4498 907 4591 lacrymae
925 4521 1033 4588 super
1050 4521 1111 4566 ora
1129 4496 1301 4566 fluebant.

405 4605 588 4686 Substitit,
613 4615 647 4670 et
664 4624 787 4670 vocem
804 4599 959 4669 mediam
978 4599 1159 4691 indignata
1178 4599 1358 4690 repressit.

405 4707 593 4798 Excipieus
607 4703 779 4795 Fringilla
794 4726 921 4771 sonum
940 4728 1023 4772 mox
1039 4703 1122 4771 talia
1141 4702 1271 4772 subdit.

404 4809 473 4880 Hic
495 4831 638 4903 quoque
661 4830 739 4874 curn
764 4805 903 4897 tropico
917 4803 1019 4899 801⁷)
1043 4804 1194 4874 vertitur
1215 4805 1253 4872 in
1269 4802 1394 4895 Capri·

1023 4931 1133 4976 corno

405 5013 523 5084 Vertit
535 5024 634 5101 terga
651 5013 776 5100 fugae,
803 5022 838 5078 et
852 5009 950 5102 putri
965 5034 1001 5079 se
1021 5011 1174 5080 occultat
1190 5011 1228 5077 in
1241 5010 1322 5078 alvo

405 5115 573 5198 Arboris,
614 5137 702 5207 eque
733 5108 920 5182 bominum
950 5125 1094 5205 aspectu
1121 5136 1184 5183 sua
1216 5109 1394 5183 subtrahit

1020 5239 1097 5286 ora.

408 5376 613 5394 μ

439 5486 471 5553 s)
488 5489 525 5540 stt
542 5482 656 5552 nomn]
676 5483 718 5536 sto
736 5483 787 5533 Ed.
800 5483 842 5545 ις
869 5482 917 5532 tto.
932 5483 955 5530 t.
974 5479 1154 5533 oootuncttn:
1178 5481 1316 5534 eunoun

440 5571 472 5638 6)
490 5572 580 5622 defert
598 5571 645 5631 ds]
665 5568 706 5619 sio
722 5567 772 5618 Ed.
787 5567 812 5618 2.
821 5581 831 5630 3
858 5565 908 5616 Ed.
924 5567 949 5615 1.
969 5565 1003 5616 ds
1022 5565 1113 5616 defert

441 5655 473 5722 t)
491 5658 555 5717 Sol]
574 5657 616 5707 slo
633 5656 682 5708 tto.
699 5657 740 5713 t.;
765 5650 815 5702 ut.
827 5652 853 5702 2.
873 5652 954 5701 Mers

1449 617 1543 687 Hinc
1554 616 1606 686 illi
1623 617 1797 687 obiiciunt
1812 629 1911 686 vates
1929 637 1997 706 pro
2016 612 2176 682 carmine
2194 613 2362 700 crimem

1449 720 1560 812 ¹Quod
1576 721 1681 790 salice
1699 743 1799 790 exesa
1817 720 1937 810 lapsus
1951 716 2158 786 discrimine
2174 716 2285 785 vitae

1449 822 1584 892 Pressit
1598 818 1771 905 humum,
1797 820 1895 911 turpi
1912 819 2076 888 foedatus
2089 818 2253 910 pulvere
2268 818 2422 890 vultum

1448 921 1532 992 Vidi
1552 947 1636 1013 ego,
1662 947 1728 992 nec
1744 923 1872 1005 fallor,
1899 922 1985 990 dum
2007 920 2119 990 lustro
2138 919 2345 989 volumina
2365 921 2446 1004 iuris,

1450 1024 1630 1095 Censurae
1646 1024 1846 1116 exemplum
1862 1022 2018 1092 flammis
2032 1045 2124 1115 quae
2138 1022 2315 1093 destinat
2332 1023 2446 1113 ipsun.

1449 1126 1543 1197 Nam
1557 1140 1739 1197 sarmenta
1756 1125 1844 1196 focis
1861 1137 2052 1219 postquam
2068 1125 2263 1214 congessit
2277 1126 2417 1197 alendis

1450 1227 1575 1298 Cultro
1591 1228 1680 1319 agri,
1703 1242 1739 1298 et
1753 1227 1871 1297 trunci
1885 1225 2044 1295 nemoris
2057 1250 2145 1294 cava
2161 1228 2314 1297 robora
2332 1231 2448 1319 passim

1448 1329 1590 1414 Volvit,
1616 1342 1652 1399 et
1670 1325 1834 1423 byberno
1851 1329 1923 1396 iam
1942 1328 2112 1397 insidere
2131 1329 2312 1399 subdidit
2326 1332 2411 1422 igni,

1448 1429 1511 1501 llle
1528 1432 1591 1501 ubi
1605 1432 1748 1503 sufflato
1764 1456 1828 1501 sua
1846 1431 2006 1499 membra
2023 1453 2160 1520 vapore
2183 1434 2335 1502 resolvi

1449 1535 1636 1617 Senserat,
1663 1534 1804 1602 ardenti
1817 1534 1956 1604 sonitus
1975 1530 2091 1601 emisit
2107 1532 2152 1607 in,
2163 1546 2300 1618 antro,

1447 1634 1522 1705 Ver
1536 1649 1635 1706 ratus
1652 1635 1813 1726 apricum
1830 1634 1970 1705 mediae
1984 1635 2050 1704 sub
2065 1633 2209 1725 frigore
2228 1637 2396 1709 brumae.

1449 1739 1487 1809 Si
1509 1738 1589 1831 quis
1611 1738 1649 1806 in
1673 1738 1843 1828 ambiguo
1867 1750 1940 1820 est,
1967 1749 2144 1829 quantum
2167 1738 2283 1810 focus
2305 1736 2445 1810 aetber‘s

1969 1848 1976 1864 ⁸
2065 1838 2150 1929 igne

1448 1940 1655 2034 Discrepet,
1680 1939 1740 2008 ille
1755 1940 1826 2009 foci
1839 1963 1975 2012 crassus
1991 1964 2130 2033 vapor,
2156 1954 2197 2010 et
2213 1941 2309 2014 levis
2325 1943 2412 2036 iguis

1448 2039 1634 2127 Aetheris,
1659 2042 1754 2112 inter
1769 2067 1806 2112 se
1824 2067 1893 2137 qua
1908 2042 1982 2113 sint
1993 2043 2137 2113 ratione
2150 2045 2322 2136 repulsa,

1448 2145 1496 2216 Et
1510 2158 1683 2240 quantum
1700 2140 1863 2238 hyberno
1883 2146 2043 2238 tepidum
2060 2170 2124 2214 ver
2141 2146 2288 2238 frigore
2305 2148 2423 2218 distet:

1448 2248 1507 2317 An
1520 2250 1705 2318 volucrum
1722 2247 1822 2316 norit
1835 2247 2043 2318 discrimina
2060 2271 2204 2339 ponere
2221 2250 2383 2341 linguis?

1449 2349 1549 2443 Quin
1566 2350 1672 2420 etiam
1690 2349 1803 2419 furiae
1819 2374 1908 2444 quas
1922 2349 1998 2441 ipsa
2017 2373 2037 2418 e
2052 2349 2167 2441 stirpe
2182 2365 2377 2443 parentum

1448 2450 1587 2535 lnduit,
1613 2452 1794 2521 incessunt
1807 2451 1960 2522 stimulis
1972 2454 2217 2544 praecordia,
2244 2469 2288 2525 ut
2300 2453 2392 2524 omni

1448 2552 1584 2646 lmpete
1600 2554 1777 2624 bellorum
1793 2555 1934 2623 fervens
1946 2553 2093 2623 Aedona
2112 2557 2285 2627 lacessat.

1448 2655 1511 2726 llla
1528 2655 1643 2740 canit,
1667 2656 1795 2746 strepit
1811 2658 1976 2747 opposito
1992 2656 2092 2729 rudis
2107 2659 2262 2748 agmine
2278 2659 2419 2754 Coccyx.

1450 2758 1620 2829 Certandi
1635 2757 1775 2840 studio,
1803 2760 1984 2852 crudoque
1999 2758 2134 2828 fatiscit
2152 2755 2275 2832 hiatu.

1449 2862 1533 2954 Quo
1549 2885 1672 2930 morsu
1687 2860 1838 2951 appetiit
1853 2872 2056 2932 mansuetas
2070 2864 2215 2952 praedo
2234 2863 2414 2936 volucres?

1449 2964 1556 3056 Quod
1572 2975 1752 3054 superest,
1779 2963 1950 3055 quoniam
1971 2975 2075 3032 coetu
2089 2966 2333 3038 convenimus
2349 2968 2416 3050 illo,

1448 3065 1496 3134 Et
1510 3066 1667 3134 calamos
1684 3062 1809 3132 inflare
1825 3065 1941 3148 leves,
1965 3078 2000 3133 et
2014 3066 2134 3136 dicere
2151 3091 2296 3140 versus:

1448 3166 1544 3237 'l'um
1570 3166 1715 3237 missum
1738 3165 1844 3234 facite
1865 3192 1887 3236 o
1910 3190 2075 3259 proceres
2089 3191 2201 3258 genus
2216 3195 2329 3241 omne
2345 3173 2437 3242 volo

2068 3294 2177 3353 emm,

1449 3371 1556 3464 Quod
1571 3395 1681 3442 curvo
1698 3372 1888 3465 increpitat
1905 3384 2044 3454 rostro,
2069 3372 2325 3466 strepitumque
2337 3389 2438 3447 retu·
2481 3386 2482 3454 l

2063 3498 2141 3544 sum

1447 3575 1580 3657 Mittit,
1606 3587 1642 3643 et
1655 3575 1806 3644 offendit
1821 3574 1909 3646 diris
1921 3575 2136 3646 stridoribus
2151 3598 2266 3647 aures.

1447 3676 1526 3748 Heu
1536 3675 1569 3770 ⁸)
1585 3677 1728 3746 valeant
1744 3702 1868 3748 omnes
1882 3678 1998 3768 genii,
2025 3678 2090 3773 qui
2105 3679 2188 3749 iura
2205 3704 2342 3751 canore
2481 3759 2482 3767 ἵ

1446 3778 1633 3848 luvertunt
1649 3781 1752 3864 licto,
1777 3781 2046 3874 peregrinisque
2063 3783 2208 3851 aemula
2224 3782 2358 3875 linguis

1446 3883 1591 3951 Solvere
1606 3895 1721 3952 rostra
1735 3885 1891 3964 student,
1904 3879 2169 3976 bominumque
2182 3884 2340 3958 illudere
2353 3888 2431 3959 voci.
2480 3855 2483 3964 l

1445 3985 1497 4054 Ut
1512 3983 1670 4067 merula,
1697 3996 1732 4053 et
1747 3985 1859 4075 nigris
1876 3986 1990 4055 velata
2008 3984 2208 4055 Monedula
2225 3991 2368 4079 pennis,

1445 4086 1601 4179 Picaque
1616 4109 1708 4179 quae
1723 4088 1841 4157 varias
1855 4087 1986 4157 emittit
1999 4087 2150 4158 stridula
2165 4112 2292 4176 voces,

1446 4187 1492 4258 Et
1507 4187 1621 4279 pictae
1635 4189 1796 4259 volucres
1812 4190 1929 4260 rutilis
1944 4190 1982 4257 in
1998 4201 2139 4280 tergore
2155 4193 2283 4281 guttis.

1446 4291 1588 4360 Occinit
1601 4286 1658 4361 bis
1674 4304 1797 4360 contra
1814 4292 1916 4362 ferali
1931 4292 2089 4361 carmine
2104 4291 2228 4364 Bubo.

1547 4392 1644 4461 Haec
1660 4392 1831 4484 Fringilla
1848 4395 1912 4463 tibi
1930 4394 2050 4485 potior
2062 4397 2244 4465 sententia
2262 4397 2340 4468 visa
2355 4412 2403 4469 est

1445 4494 1631 4579 Forsitan,
1658 4509 1693 4564 et
1707 4498 1857 4587 proprio
1874 4496 1923 4568 sic
1939 4497 2070 4589 digeris
2084 4497 2209 4567 omnia
2226 4500 2330 4570 solus

1445 4598 1627 4680 Arbitrio,
1654 4610 1689 4666 et
1703 4595 1836 4669 lalemo
1853 4612 1914 4669 tua
1928 4613 2071 4690 guttura
2087 4599 2196 4669 solvis
2218 4603 2390 4696 equestri.

1446 4701 1633 4770 Credimus
1649 4725 1694 4768 an
1713 4701 1775 4794 qui
1791 4715 1915 4771 amant
1932 4702 2000 4794 ipsi
2012 4702 2080 4772 sibi
2095 4703 2240 4772 somnia
2257 4706 2406 4797 lingunt.

1548 4801 1614 4872 Cui
1649 4801 1821 4893 Fringilla
1861 4806 1987 4874 refert:
2035 4829 2056 4873 o
2090 4827 2249 4877 narrans
2284 4810 2429 4900 plurima

2058 4904 2176 4991 Bubo,

1445 5006 1565 5076 Graiis
1580 5006 1784 5096 ingenium,
1811 5007 1930 5078 Graiis
1944 5008 2043 5077 dedit
2058 5032 2119 5078 ore
2134 5013 2300 5081 rotundo

1444 5109 1547 5179 Musa
1563 5108 1682 5204 loqui,
1708 5121 1743 5178 et
1757 5135 1886 5181 vocum
1902 5110 2005 5182 iussit
2019 5112 2227 5182 discrimina
2245 5138 2368 5200 nosse,

1444 5210 1492 5280 Et
1505 5236 1631 5282 suaves
1646 5211 1765 5284 avium
1781 5228 1905 5284 cantus
1921 5215 2120 5283 discernere
2137 5238 2265 5286 sensu:

1443 5317 1477 5385 A
1491 5312 1615 5383 Cuculi
1632 5315 1802 5406 strepitu,
1828 5339 2018 5386 corvorum
2037 5341 2056 5385 a
2073 5316 2236 5388 carmine
2257 5343 2388 5402 crasso,

1444 5417 1476 5484 Α
1493 5416 1588 5486 Galli
1603 5418 1759 5508 crepitu,
1786 5429 1822 5487 et
1837 5419 1945 5488 Picae
1961 5418 2113 5489 stridore
2131 5418 2314 5513 loquacis.

1476 5656 1509 5713 8)
1529 5654 1603 5712 neu]
1622 5651 1664 5703 sto
1681 5652 1729 5702 Et.
1745 5653 1788 5717 ¹·3
1809 5651 1859 5703 ns.
1872 5651 1899 5704 ί.
1916 5650 1968 5702 flet
