5125 6525
259 372 337 449 333
461 321 878 445 3333333333
904 362 1212 437 Marruuium
1238 365 1306 435 33
1332 363 1534 435 3333333
1564 366 1741 439 nuruis
1767 366 2100 444 3333333333.
2224 372 2302 447 esa

260 545 459 628 Ρ331111313,
484 566 584 611 arma
602 542 756 611 abiicere
770 540 895 622 nollet,
910 552 946 608 et
960 540 1162 607 minaretur
1176 539 1258 607 urbi
1310 562 1416 621 casu,
1441 562 1517 608 non
1539 533 1700 608 humano
1717 540 1887 623 consilio,
1912 544 1976 613 sed
1994 543 2167 613 divinitus
2182 544 2220 614 13
2235 535 2305 617 hoe

260 650 420 731 Romae,
445 647 518 715 iam
536 643 709 717 sollicitus
724 646 772 712 de
791 642 935 735 publica
960 640 1137 732 Ecclesiae
1161 653 1257 709 1333-
1309 640 1490 731 fastigium
1512 666 1634 712 rerum
1658 637 1899 714 humanarum
1923 658 2085 725 evectum
2109 670 2202 730 esse,
2228 671 2305 719 333

260 752 461 847 quillitate,
493 752 609 842 deque
634 746 758 815 ltaliae
787 745 952 815 libertate
976 743 1257 827 Maximilianus‚
1309 758 1351 814 ut
1370 745 1553 814 licentiam
1579 741 1728 816 haberet
1742 771 1890 817 suarum
1906 749 2143 840 cupiditatum
2161 751 2304 842 explen·

261 854 374 925 333313
402 876 445 921 ex
469 848 571 921 ltalia
594 845 832 920 retrahendos
856 870 930 917 esse
954 847 1091 917 Gallos·
1108 847 1257 930 censuit,
1309 848 1458 932 darum,
1482 849 1544 918 331
1559 859 1600 917 31
1613 850 1723 919 131133
1740 852 1880 940 3333313
1893 847 2045 921 humani
2058 851 2206 922 utilitati
2219 877 2305 923 eon·

260 957 371 1050 idque
396 953 515 1026 subito
540 954 732 1024 contractis
752 951 892 1041 magnis
915 950 1045 1041 copiis,
1071 950 1257 1021 concitatis
1309 951 1461 1033 suleret,
1487 963 1523 1020 et
1536 962 1579 1020 ut
1588 950 1657 1020 Dei
1673 953 1825 1042 gloriam
1843 978 1885 1021 ac
1898 954 2084 1044 religionis
2099 957 2303 1050 tranquilli·

262 1060 371 1130 etiam
395 1056 521 1148 Anglis
547 1058 583 1126 et
603 1054 830 1146 Burgundis,
863 1054 1021 1144 perfecit.
1080 1052 1138 1123 Ad
1163 1048 1257 1122 hanc
1309 1065 1418 1122 tatem
1443 1054 1635 1146 praecipue
1657 1056 1874 1128 defenderet.
1932 1057 2055 1150 Quare
2080 1063 2221 1131 animos
2243 1085 2303 1130 eo·

261 1162 491 1232 excellentem
520 1158 656 1250 ingenii
690 1174 797 1252 atque
833 1155 945 1225 animi
977 1156 1051 1223 vim
1085 1157 1257 1226 adiunxe·
1308 1179 1410 1238 rum,
1438 1180 1529 1249 quos
1553 1158 1663 1227 armis
1685 1158 1840 1242 vicerat,
1866 1183 1994 1230 sanare
2018 1173 2054 1230 et
2076 1163 2123 1231 ad
2145 1162 2303 1232 officium

260 1278 320 1335 rat
341 1262 591 1333 admirabilem
616 1263 798 1355 quandam
823 1258 1133 1341 moderationem,
1164 1282 1256 1352 quae
1307 1282 1478 1328 revocare
1502 1259 1649 1343 maluit,
1682 1285 1791 1354 quarn
1812 1262 1974 1333 funditus
1997 1287 2059 1334 eos
2074 1264 2204 1334 131333.
2253 1260 2305 1336 tlt

262 1390 377 1461 qnam
404 1364 603 1435 necessaria
623 1364 670 1434 sit
692 1363 730 1430 iu
750 1386 890 1433 summa
917 1374 1113 1453 potestate,
1147 1386 1255 1455 quam
1308 1385 1413 1453 saepe
1446 1374 1596 1452 propter
1629 1364 1926 1457 tranquillitatem
1964 1362 2160 1438 Christiani
2193 1367 2331 1451 omis„

260 1469 360 1541 utilis
379 1466 615 1560 reipublicae,
650 1476 827 1559 quantum
852 1460 985 1533 habeat
1002 1488 1109 1533 verae
1128 1462 1257 1547 laudis,
1308 1464 1536 1554 gravissimas
1558 1464 1709 1535 iniurias
1732 1467 1981 1538 dissimulavit.

261 1571 422 1661 exempla
447 1581 654 1639 monstrant
677 1568 865 1662 utriusque
888 1568 1048 1657 generice
1413 1565 1503 1636 Cum
1529 1580 1629 1635 13313
1653 1567 1692 1635 13
1714 1590 1756 1636 33
1779 1569 1941 1659 publicae
1957 1571 2080 1642 salutis
2096 1584 2187 1641 esset
2204 1595 2303 1656 cura,

267 1709 270 1714 ·
363 1674 456 1744 Nam
481 1668 570 1741 haec
594 1672 708 1741 virtus
730 1671 770 1739 in
793 1669 915 1740 multis
943 1668 1256 1760 praestantissimis
1308 1669 1475 1740 excitavit
1489 1694 1571 1739 eum
1587 1694 1664 1738 333
1680 1671 1796 1741 solum
1815 1674 1997 1762 potentia,
2019 1676 2081 1742 331
2097 1674 2304 1744 multoma-

259 1771 432 1845 heroibus
456 1774 701 1855 desideratur,
732 1774 855 1867 quiin
880 1771 1039 1843 victoriis
1062 1772 1146 1841 facti
1172 1783 1257 1841 sunt
1308 1773 1361 1864 gis
1379 1772 1529 1843 felicitas
1544 1772 1700 1864 Selymi,
1726 1774 1790 1866 qui
1812 1775 1931 1844 subito
1953 1776 2089 1866 potitus
2105 1787 2183 1845 erat
2198 1773 2302 1868 Syria

260 1876 476 1959 1333133133,
502 1876 667 1967 superbi,
692 1874 870 1957 crudeles,
897 1887 934 1943 et
949 1875 1072 1944 omnia
1089 1878 1135 1944 ad
1155 1898 1254 1945 suam
1308 1887 1415 1969 atquc
1432 1873 1615 1967 Aegypto,
1642 1888 1683 1945 31
1706 1877 1873 1947 omnibus
1888 1878 1967 1948 aliis
1981 1876 2135 1968 negotiis
2150 1878 2304 1963 omissis,

260 1979 383 2071 331133
402 1978 593 2049 utilitatem
612 2003 675 2050 333
690 1978 944 2059 ambitionem,
971 2000 1080 2071 quam
1098 1981 1144 2046 ad
1159 2001 1256 2046 com·
1307 1977 1448 2069 Regum
1482 2001 1523 2046 33
1554 1978 1765 2069 Principum
1800 1981 1962 2050 omnium
1997 1981 2108 2051 131133
2133 1978 2302 2073 Europae

251 2085 408 2151 'munem
441 2083 591 2152 salutem
627 2076 815 2151 hominum
852 2081 1063 2152 retulerunt.
1128 2080 1256 2175 Neque
1308 2082 1448 2152 animos
1475 2083 1522 2150 ad
1546 2080 1953 2173 333313333133133333
1977 2085 2170 2153 accendere
2194 2107 2303 2153 cona·
2419 2092 2422 2098 '

261 2184 356 2252 enim
382 2197 445 2254 aut
461 2183 657 2275 Pompeius
679 2184 855 2255 irritasset
875 2182 1065 2254 Caesarem
1088 2196 1151 2254 331
1167 2182 1256 2252 Cae·
1307 2197 1418 2254 retur.
1470 2182 1589 2277 Quam
1609 2187 1655 2252 ad
1670 2208 1747 2254 rem
1766 2180 1923 2255 habebat
1937 2182 2141 2258 hortatores
2162 2186 2303 2257 amicis·

260 2309 319 2357 333
351 2288 512 2358 133113133
545 2313 625 2358 cum
660 2300 762 2357 tanto
789 2286 1010 2379 reipublicae
1037 2287 1255 2356 detrimento
1307 2288 1418 2358 simos
1438 2285 1576 2376 Reges,
1615 2287 1830 2377 3333311333
1861 2312 1903 2356 33
1925 2289 2131 2359 foederibus
2149 2287 2218 2360 sibi
2240 2292 2302 2357 de·

260 2389 439 2481 privatam
454 2390 626 2460 iniuriam
643 2390 739 2460 ultus
751 2404 855 2471 33331,
880 2390 951 2460 3131
964 2402 1116 2483 uterque
1132 2388 1255 2457 animo
1307 2391 1466 2469 vinctos,
1500 2389 1620 2482 etqui
1642 2389 1824 2478 periculo,
1853 2391 1951 2483 quod
1976 2392 2142 2462 a'l'urcis
2163 2391 2303 2482 impen-

261 2515 327 2561 333
350 2514 490 2560 morem
514 2516 656 2580 gerere,
683 2515 792 2584 quam
809 2492 848 2560 13
865 2514 1056 2559 commune
1070 2491 1255 2561 consulere
1306 2493 1434 2570 debat,
1466 2502 1569 2558 erant
1594 2491 1771 2580 proximi,
1797 2491 2017 2561 Vladislaum
2043 2493 2177 2581 Regem
2200 2493 2302 2563 Hun-

261 2593 479 2682 reipublicae
505 2594 698 2663 maluisset.
751 2593 834 2663 Non
857 2594 972 2662 dicam
995 2589 1054 2660 hic
1076 2595 1121 2662 de
1144 2593 1256 2685 Sylla,
1308 2594 1447 2685 333133,
1474 2605 1509 2661 31
1527 2592 1796 2682 sigismundum
1817 2593 1951 2683 Regem
1973 2594 2161 2665 Poloniae.

261 2693 382 2765 Mario
409 2707 445 2763 et
467 2694 663 2777 similibus,
696 2718 851 2787 quorum
877 2718 952 2763 non
975 2696 1091 2766 solum
1115 2694 1255 2763 infinita
1409 2692 1534 2788 ltaque
1564 2719 1644 2765 cum
1676 2696 1814 2767 videret
1842 2700 1887 2766 ad
1915 2720 1992 2766 rem
2015 2709 2154 2766 tantam
2177 2694 2301 2765 ltaliae

262 2797 434 2880 ambitio,
468 2800 530 2869 sed
553 2797 744 2867 crudelitas
760 2799 867 2867 etiam
886 2799 1072 2867 barbarica
1100 2797 1185 2867 odio
1201 2797 1255 2866 di·
1306 2797 1570 2889 tranquillitate
1588 2821 1678 2889 opus
1696 2822 1790 2881 3333,
1817 2801 1975 2890 primurn
1993 2798 2151 2870 Venetos
2168 2800 2301 2869 fractor

261 2922 332 2989 gna
351 2900 430 2971 fuit.
465 2945 468 2949 ·
487 2900 634 2993 Quanto
656 2902 737 2990 plus
758 2924 865 2970 verae
888 2901 1004 2971 laudis
1028 2901 1147 2970 meriti
1171 2912 1256 2971 suut
1306 2899 1378 2969 iam
1401 2900 1510 2990 longo
1532 2900 1650 2984 bello,
1676 2926 1719 2970 ac
1740 2914 1901 2993 petentes
1923 2926 2070 2994 pacem,
2096 2902 2202 2972 certis
2216 2924 2302 2969 con-

261 3001 467 3093 Scipiones,
499 3003 562 3096 qui
584 3004 674 3071 adeo
698 3003 797 3071 domi
820 3003 973 3073 modesti
1001 3003 1166 3086 fuerunt,
1202 3015 1255 3085 ut,
1306 3002 1504 3073 ditionibus
1528 3003 1595 3073 sibi
1614 3004 1795 3087 adiunxit,
1822 3017 1919 3075 3133
1937 3029 2007 3098 qua
2032 3005 2106 3074 odii
2134 3017 2198 3074 aut
2216 3002 2300 3071 belli

261 3104 427 3198 quamvis
456 3128 532 3173 non
562 3105 699 3175 levibus
725 3105 867 3176 iniuriis
890 3106 1097 3196 provocati,
1132 3121 1255 3175 tamen
1306 3106 1442 3177 semina
1469 3118 1586 3176 essent
1607 3107 1767 3201 reliqua,
1800 3121 1835 3175 31
1855 3108 2027 3177 beneficio
2052 3104 2210 3176 devincti
2226 3128 2301 3174 me·

260 3203 352 3278 nihil
374 3202 753 3300 333133313333331133
775 3232 934 3303 unquam
959 3209 1126 3293 13333131,
1155 3206 1253 3278 33113
1306 3207 1415 3279 113333
1445 3198 1582 3290 essent,
1615 3209 1754 3304 aliquot
1782 3209 1909 3290 urbes,
1940 3210 1977 3277 in
2002 3209 2132 3302 quibus
2154 3206 2310 3277 Verona

261 3334 357 3379 nova
382 3311 530 3380 consilia
553 3324 678 3381 contra
701 3312 795 3401 leges
815 3312 1047 3401 susceperint.
1307 3325 1403 3394 erat,
1429 3311 1525 3379 ultro
1548 3311 1617 3381 illis
1642 3313 1765 3394 cessit,
1798 3335 1839 3379 ac
1863 3315 2036 3382 tenendas
2060 3310 2302 3402 1311133131

365 3413 613 3501 ’13113131113
637 3412 886 3482 Maximiliano
909 3415 1131 3494 moderatio,
1164 3436 1254 3482 sem·
1305 3437 1426 3503 regem
1442 3411 1616 3481 Franciae
1640 3416 1686 3482 ad
1707 3437 1935 3484 communem
1952 3417 2064 3485 totius
2081 3414 2179 3483 orbis
2198 3407 2301 3482 Chri·

261 3538 326 3607 per
347 3528 389 3585 31
410 3540 638 3585 communem
663 3515 760 3584 orbis
783 3514 1080 3608 tranquillitatem
1106 3514 1255 3606 privatis
1306 3515 1413 3585 stiani
1428 3538 1571 3584 causam
1588 3517 1810 3606 adiungeret,
1836 3541 1961 3609 333333
1977 3530 2029 3587 331
2045 3540 2126 3586 eum
2146 3516 2301 3584 retinere

262 3630 298 3687 et
321 3618 536 3687 utilitatibus
559 3630 594 3685 et
618 3617 802 3688 affectibus
817 3617 1021 3686 anteferret.
1073 3617 1186 3707 Saepe
1202 3616 1254 3683 vi·
1306 3615 1568 3690 Mediolanum.

262 3731 342 3789 ct'or
363 3744 443 3788 cum
465 3719 580 3787 aliena
598 3743 729 3808 33333,
756 3744 835 3788 cum
854 3721 1078 3789 adversarios
1094 3719 1255 3789 funditus
1409 3717 1460 3788 lta
1490 3733 1615 3812 pacata
1642 3717 1800 3813 Europa·
1823 3745 1920 3789 anno
1944 3719 1994 3790 M.
2005 3720 2049 3790 l).
2059 3717 2189 3791 111111.Ι
2205 3720 2300 3790 Con·

262 3823 381 3891 131333
405 3834 543 3912 333331,
577 3834 698 3890 tamen
724 3823 887 3913 perlectis
914 3821 1015 3891 bellis
1041 3822 1196 3892 ostendit
1217 3845 1255 3892 se
1306 3834 1453 3892 ventum
1469 3821 1651 3913 Augustae
1668 3825 1818 3908 indixit,
1844 3827 1883 3893 in
1901 3848 1974 3918 quo
1993 3836 2191 3906 conventu,
2218 3847 2299 3893 cum

261 3922 427 4018 publicae
449 3924 720 4017 tranquillitatis
742 3927 896 3994 tuendae
917 3948 1021 3994 33333
1040 3949 1140 3994 arma
1158 3949 1254 3995 sum·
1305 3928 1351 3995 13
1375 3926 1475 3993 omni
1499 3926 1640 3994 ratione
1666 3926 1837 3996 movendi
1858 3928 1942 3995 belli
1971 3929 2141 3997 adversus
2162 3925 2300 3996 ’133333

261 4026 359 4099 31333.
398 4025 490 4125 Nam
508 4027 679 4118 repressis
695 4025 869 4110 hostibus,
893 4028 955 4122 qui
970 4028 1151 4119 publicam
1169 4050 1253 4097 con·
1306 4040 1397 4099 33331
1422 4053 1502 4098 cum
1526 4028 1752 4099 Germanicis
1775 4029 2005 4121 Principibus
2024 4031 2300 4110 deliberaturus,

261 4131 498 4199 turbaverant
521 4131 838 4224 tranquillitatem,
863 4144 899 4199 31
921 4130 1051 4200 1313313
1067 4131 1160 4199 133113
1176 4155 1254 4198 mo·
1307 4130 1463 4214 curavit,
1496 4144 1599 4200 uteo
1622 4132 1788 4200 venirent
1811 4136 1917 4202 etiam
1934 4131 2095 4212 Romani
2114 4130 2299 4199 Pontificio

261 4244 410 4314 verant,
436 4232 591 4301 mirabili
615 4234 801 4302 clementia
826 4258 888 4303 333
912 4257 1094 4317 errorem,
1119 4257 1181 4302 seu
1204 4246 1254 4302 te·
1307 4246 1342 4303 et
1362 4233 1681 4324 omniumRegum
1705 4236 1832 4325 legati,
1858 4248 1898 4304 31
1916 4233 2067 4323 intelligi
2086 4243 2207 4323 posset
2221 4253 2298 4298 cae·

262 4334 464 4404 meritatem
482 4337 689 4405 condonare
708 4337 834 4407 solitus
852 4349 915 4406 est.
954 4335 1050 4406 Acsi
1067 4336 1254 4430 quisalius
1306 4349 1403 4406 teros
1417 4336 1533 4426 Reges
1554 4360 1630 4405 333
1652 4338 1837 4408 131313333
1859 4361 1933 4408 3333
1957 4335 2141 4404 communi
2157 4354 2297 4403 causae.

260 4436 402 4528 Regum
427 4438 500 4508 ulla
526 4450 662 4523 aetate,
688 4435 747 4509 hic
771 4462 853 4508 vere
872 4438 1051 4531 praestitit
1071 4439 1128 4520 id,
1156 4440 1255 4532 quod
1307 4438 1431 4509 Multis
1452 4440 1523 4507 iam
1544 4439 1736 4508 annisnon
1758 4441 1877 4509 133331
1897 4437 2121 4531 frequentior
2142 4457 2298 4504 conven-
2405 4438 2414 4449 ’

261 4542 309 4610 31
330 4564 512 4611 summurn
528 4541 664 4632 Regem
682 4544 923 4612 Alexandrum
937 4541 1146 4612 Aristoteles
1170 4540 1255 4610 scri·
1307 4554 1376 4613 tus.
1411 4542 1506 4619 Nam
1524 4541 1706 4612 Electores
1722 4542 1771 4610 ibi
1789 4553 1892 4611 erant
1905 4565 1977 4622 sex,
1998 4553 2034 4609 31
2051 4539 2184 4609 caeteri
2193 4538 2300 4607 Prin·

260 4644 345 4738 psit,
371 4668 452 4714 cum
468 4639 635 4715 hortatur
651 4670 747 4728 eum,
772 4658 812 4715 ut
827 4645 1032 4715 meminerit
1046 4668 1156 4735 regna
1174 4643 1255 4713 dari
1307 4644 1402 4736 cipes
1434 4647 1655 4736 potentiores
1681 4644 1843 4738 plerique
1875 4667 2011 4714 omnes.
2071 4640 2233 4712 Aderant
2264 4651 2300 4708 et

261 4747 410 4818 summis
438 4747 543 4831 viris,
574 4759 616 4816 nt
645 4749 814 4819 universo
838 4749 960 4839 generi
985 4745 1147 4819 humano
1170 4770 1255 4839 pro·
1305 4748 1445 4839 Regum
1473 4748 1712 4839 plurimorum
1741 4749 1859 4838 legati.
1917 4745 2050 4816 Leonis
2073 4746 2134 4828 X„
2167 4741 2298 4815 summi

261 4851 353 4935 sint,
383 4874 459 4919 333
480 4863 523 4920 31
546 4851 692 4943 33333131
715 4863 750 4920 31
769 4851 1018 4922 contumeliosi
1035 4851 1108 4921 sint
1125 4852 1256 4919 adver·
1306 4850 1509 4934 Pontificis,
1552 4852 1658 4942 legati
1692 4862 1796 4918 erant
1825 4846 2029 4920 Matthaeus
2050 4847 2209 4938 Longius
2231 4847 2299 4916 Ar·

260 4977 321 5024 sus
340 4952 604 5024 imbecilliores.
1308 4950 1554 5044 chiepiscopus
1569 4952 1850 5045 salzburgensis,
1877 4966 1910 5020 31
1926 4949 2088 5022 'l'homas
2106 4950 2299 5021 caietanus

363 5053 455 5125 Nam
479 5081 560 5126 cum
584 5070 712 5127 natura
738 5069 847 5139 esset,
873 5069 914 5125 ut
938 5080 958 5123 a
985 5055 1256 5146 sapientissimis
1308 5056 1509 5126 cardinalis
1533 5056 1569 5126 S.
1583 5057 1692 5137 Sixti,
1719 5050 1976 5150 quiquoniam
2003 5080 2045 5124 ex
2068 5055 2157 5124 urbe
2180 5051 2297 5121 Rome

261 5154 352 5230 viris
372 5158 515 5242 audivi,
542 5160 605 5253 qui
626 5183 708 5230 eum
725 5156 1002 5229 familiarissime
1019 5169 1177 5242 norunt,
1201 5158 1256 5226 in·
1308 5159 1542 5242 adveniebat,
1566 5184 1641 5228 333
1658 5160 1777 5229 statim
1797 5158 1901 5226 131113
1922 5169 2119 5228 conventus
2137 5158 2274 5224 aderat.

260 5259 368 5355 genio
382 5261 658 5346 modestissimo,
674 5260 818 5332 accessit
834 5260 941 5329 etiam
956 5261 1177 5332 sanctissima
1191 5263 1256 5331 do·
1410 5260 1535 5356 ltaque
1557 5261 1688 5333 Caesar
1719 5260 1824 5330 initio
1849 5260 2059 5352 Principum
2082 5284 2125 5329 ac
2147 5255 2298 5349 populo·

260 5364 375 5435 etrina
393 5360 619 5435 Christianae
637 5365 842 5456 religionis,
869 5387 961 5459 quae
978 5388 1059 5434 eum
1080 5364 1257 5434 incitabat
1307 5388 1389 5435 rum
1406 5365 1622 5435 Germaniae
1646 5389 1770 5435 causas
1794 5365 1950 5447 audivit,
1979 5376 2015 5432 31
2037 5356 2299 5431 controversias
2344 5363 2352 5377 ⁸

260 5490 341 5539 eum
357 5471 404 5538 ad
419 5480 576 5540 caeteras
588 5467 738 5539 virtutes
751 5468 931 5553 colendas,
947 5480 1025 5537 tum
1039 5467 1195 5537 maxime
1210 5469 1255 5536 31
1308 5468 1472 5551 11333311,
1498 5491 1545 5536 33
1568 5492 1639 5560 qna
1664 5469 1804 5558 privata
1828 5465 2001 5538 dissensio
2022 5469 2145 5554 postea
2166 5459 2298 5528 1311133-

259 5573 547 5642 moderationem
565 5571 604 5641 13
622 5570 795 5662 imperio,
820 5583 861 5642 31
877 5569 1098 5643 meminisset
1120 5594 1158 5640 se
1180 5593 1256 5639 non
1307 5572 1467 5641 rationes
1481 5574 1525 5640 de
1539 5571 1633 5639 bello
1652 5570 1808 5640 ’1333133
1826 5569 2092 5638 interturbaret.
2119 5563 2166 5634 Et
2182 5584 2298 5655 quon·
