5125 6525
290 479 342 557 οε
877 479 1000 558 unu.
1024 480 1140 582 unu.
1165 479 1733 563 SCRIPTAPHILOLootcA.
1815 489 1822 503 ·

289 654 336 726 D.
361 649 418 726 eoi
431 646 571 749 βότρυε
705 717 712 749 ,
1331 652 1377 726 D.
1401 651 1455 729 τώ
1469 655 1605 757 γέλωτε

195 825 198 829 A
366 758 450 827 τοῖν
464 750 658 851 βοτρύοιν.
1409 761 1491 832 τοῖν
1506 755 1697 858 χελιότοιν.

303 857 346 930 Ρ.
372 854 409 929 οἱ
422 851 581 953 βότρυες
596 851 661 928 καῖ
673 847 812 952 βότρυς
1069 923 1080 944 ,
1345 857 1388 930 Ρ.
1416 857 1452 931 οἱ
1468 860 1624 959 γέλωτες

366 963 446 1031 τοῖν
460 950 638 1054 βοτρύων
1217 1005 1220 1016 ·
1407 966 1487 1033 τῶν
1499 962 1675 1061 γελώτων

365 1062 444 1141 τοῖς
456 1056 618 1153 βότρυσι
1406 1063 1485 1142 τοῖς
1498 1060 1634 1162 μόλωσι

367 1153 714 1256 τούςβότρυαςκαὶ
731 1147 872 1253 βότρυς
1406 1159 1496 1244 τούς
1507 1162 1671 1262 γέλωτας

364 1255 570 1357 ὦβότρυες
585 1255 650 1330 καὶ
661 1251 814 1353 βότρυς.
1406 1255 1438 1336 α’
1455 1262 1621 1362 χίλοιτες.

287 1363 419 1455 Excipe
431 1355 580 1457 χῖαμύς
590 1352 805 1454 χλαμύδος,
830 1349 968 1456 κρονύς
980 1351 1174 1456 κροκύδος.

388 1480 430 1552 lu
447 1480 694 1563 vendicetur,
709 1479 886 1571 genitivos
900 1481 1060 1550 formant
1073 1503 1139 1572 per
1153 1504 1222 1564 εος,
1236 1489 1278 1549 ut

303 1584 339 1655 S.
366 1576 497 1676 όὴδύς
660 1601 662 1606 ’

362 1690 432 1757 τοῦ
446 1679 555 1777 ἡδέος

362 1780 530 1882 τῴἡδέϊ,
553 1796 589 1855 et
606 1782 815 1853 contractim
829 1776 915 1877 ἡδεῖ

363 1885 434 1961 τδν
449 1882 562 1981 ἡδέα,
585 1878 685 1978 ἡδύν
1436 1947 1453 1963 .
1470 1938 1496 2015 δ
1564 1939 1573 1966 .

363 1981 501 2082 εῆοο.
1405 1966 1452 2068 ‘t
1496 1968 1573 2065 “¹3⁶

163 2069 168 2076 ’
287 2084 742 2184 offuscentur...
1406 2041 1610 2218 ψη

362 2194 446 2265 τοῖν
460 2187 600 2284 ἡδέοιν.
904 2243 907 2250 -
1480 2173 1551 2228 ως·

224 2319 228 2325 ·
298 2294 342 2367 Ρ.
369 2293 405 2367 οἱ
417 2289 539 2388 ἡδέες,
566 2303 602 2361 et
616 2287 716 2385 ἡδεῖς

362 2393 442 2469 τοῖν
458 2391 581 2488 ἡδίων

316 2498 319 2504 ’
361 2499 441 2577 τοῖς
454 2492 560 2588 ἡδέσι

359 2594 448 2677 τούς
463 2591 590 2689 ἡδίας,
616 2606 652 2662 et
666 2588 766 2686 ἡδεῖς

360 2692 392 2772 ὦ
407 2694 528 2791 ἡδέες,
553 2708 589 2764 et
605 2690 717 2800 ἡδεῖς.

334 2799 378 2870 ln
390 2795 486 2869 hunc
503 2799 653 2867 modum
665 2796 765 2865 llecte
779 2805 815 2863 et
828 2805 970 2880 neutro,
987 2806 1027 2864 ut
1040 2787 1127 2890 ἡδύ,
1142 2792 1275 2896 γλυκύ.

335 2900 552 2973 Foeminina
576 2898 671 2967 enim
689 2893 796 2968 huius
813 2898 952 2968 formae
970 2909 1011 2966 ut
1028 2892 1155 2990 ἡδεῖα,
1181 2902 1276 2997 γλυ-

284 3007 368 3079 κεῖα
382 3006 429 3073 ad
443 3003 637 3074 secundam
653 2999 930 3070 declinationem
955 2998 1173 3090 simplicium
1193 3023 1275 3091 per·
1769 3010 1871 3078 ΕΙΣ,

285 3108 414 3179 finem·
1428 3121 1470 3193 lu
1485 3150 1535 3206 εις
1549 3124 1682 3217 passim
1699 3124 1875 3217 genitivos
1890 3150 1955 3219 per
1969 3152 2073 3207 εντος
2094 3120 2248 3210 ᾐτίαται,
2275 3150 2302 3197 u

600 3242 606 3252 '
748 3237 811 3317 Ος.
1325 3223 1487 3322 λειριόεις
1500 3222 1726 3326 λειριόεντος.
1776 3226 1890 3300 Deme
1903 3223 2174 3322 νῖείςκλειδός,
2199 3225 2303 3304 ἀντί·

387 3358 430 3429 ln
457 3385 498 3442 ος
524 3382 600 3429 non
629 3356 761 3428 liniunt
789 3351 897 3426 huius
926 3352 1176 3425 declinationis
1207 3379 1274 3423 no-
1326 3351 1401 3424 lWS
1410 3325 1643 3453 β”ῑῆθέίδθεο

1735 1420 1778 1491 ln
1802 1423 1913 1496 ΛΙΣ.

1432 1532 1474 1603 ln
1487 1532 1547 1619 αίς
1559 1562 1625 1629 per
1639 1565 1703 1622 τος
1716 1539 1892 1632 genitivos
1904 1536 2057 1624 faciunt,
2082 1551 2124 1609 ut
2138 1534 2223 1621 δαίς
2237 1534 2303 1613 δαι

1328 1629 1402 1714 τός.
1452 1636 1500 1707 Et
1515 1639 1693 1713 Neutrum
1709 1636 1813 1724 σταῖς
1827 1638 1983 1723 οταιτός.

1344 1734 1380 1807 S.
1407 1733 1432 1831 ἡ
1449 1736 1534 1822 δαίς

1401 1844 1468 1933 τῆς
1487 1836 1626 1924 δαιτός’

1329 2242 1374 2315 D.
1402 2242 1452 2317 τὰ
1467 2243 1573 2320 δαῖτε

1404 2350 1491 2421 ταῖν
1506 2345 1664 2422 δαιτοῖν.

1339 2445 1383 2518 Ρ.
1408 2448 1449 2522 αί
1462 2445 1587 2531 δαῖτες

1402 2556 1481 2624 τῶν
1496 2548 1641 2625 δαιτῶν

1402 2655 1485 2734 ταῖς
1500 2649 1606 2726 δαισί

1402 2750 1471 2834 τὰς
1487 2749 1620 2846 δαῖτας

1403 2847 1435 2926 ὦ
1449 2850 1586 2935 δαῖτες.

149 3502 154 3507 ·
283 3463 404 3547 mina,
427 3461 499 3534 nisi
514 3473 642 3532 neutra
658 3458 848 3551 participia
871 3456 1087 3551 praeterita,
1112 3469 1153 3528 ut
1168 3482 1274 3531 τετυ-
1339 3427 1376 3501 s·
1403 3430 1579 3531 θῖαθίεις

283 3563 354 3648 τιός
371 3556 591 3654 τπυιιότος,
629 3573 664 3630 et
687 3556 840 3655 quaein
861 3560 980 3651 prima
1003 3572 1273 3631 contractorum
1401 3537 1472 3658 παῦ
1481 3533 1678 3664 χαρίεντος

284 3665 525 3747 declinatione
542 3664 841 3747 recensebantur,
862 3673 904 3731 nt
919 3658 1047 3756 μέλος,
1069 3658 1175 3756 χοίος.
1402 3661 1458 3730 τῳ
1472 3663 1643 3766 xallfm
1772 3674 1777 3687 '

1402 3734 1471 3809 τδν
1482 3765 1665 3837 χαριεντα

607 3852 610 3857 ·
741 3811 812 3897 Ωέ·
1403 3830 1435 3909 ὦ
1445 3839 1599 3937 χαρίεν,
1624 3837 1767 3939 χοιρία,
1791 3838 1944 3940 χαρίεις.

386 3932 613 4005 Nominetivi
629 3958 680 4017 ως
691 3932 869 4016 linientes,
886 3930 1099 4022 regulariter
1114 3932 1274 4001 loornant
1326 3934 1373 4007 D.
1398 3935 1454 4010 τώ
1463 3941 1638 4038 χαρίεντε

283 4036 459 4132 genitivos
474 4061 539 4128 per
556 4061 668 4121 ιοτος,
691 4047 733 4106 ut
749 4038 832 4131 φῶς
848 4025 986 4132 φωτός.
1168 4039 1172 4048 ’
1379 4118 1381 4122 ,
1400 4045 1484 4116 τοῖν
1495 4044 1721 4143 χαριίντοιν.

386 4137 540 4231 Propria
555 4151 597 4210 ut
612 4132 769 4224 Μίνως,
799 4148 834 4206 et
861 4159 953 4232 quae
977 4137 1123 4225 longam
1145 4134 1273 4235 pegul-
1338 4140 1380 4214 1².
1408 4140 1445 4215 oi
1455 4143 1649 4245 χαρίεντες

283 4242 412 4315 limam
436 4237 574 4311 habent
594 4240 812 4323 masculina,
852 4238 991 4309 faciunt
1010 4236 1189 4328 genitivos
1201 4234 1274 4331 ’ρετ
1402 4253 1482 4322 τῶν
1495 4247 1704 4347 χαριέντων

220 4378 224 4397 .
281 4368 376 4438 (ως,
401 4339 572 4442 ῃιῆρως,
596 4341 729 4440 ἥρωος.
767 4341 824 4411 Sic
841 4354 875 4412 et
891 4341 1154 4433 monosyllabo,
1179 4364 1273 4434 quoe
1403 4353 1482 4433 τοῖς
1492 4347 1673 4449 χαρίςιοι,
1696 4350 1845 4453 gustem

161 4506 168 4515 .
281 4440 326 4533 δ,
344 4472 369 4520 τ
381 4449 439 4518 vel
451 4448 485 4520 δ
498 4461 581 4518 ante
597 4472 628 4519 ιο
640 4442 793 4529 habent,
818 4456 860 4515 ut
876 4437 982 4541 Τρεῖς
998 4439 1145 4540 Τρωός,
1168 4435 1274 4538 δμύς
1400 4449 1700 4549 τοδςχαρίεντας

282 4541 482 4645 &misul
1403 4545 1709 4654 ὦχαρίεντεςᾞ.

600 4699 631 4768 p
639 4723 718 4769 m
727 4700 774 4770 gi
782 4690 879 4792 gula
895 4697 955 4794 τε).
1427 4673 1471 4744 ln
1487 4671 1585 4746 huuc
1599 4678 1750 4771 modurn
1766 4690 1804 4749 et
1814 4691 1942 4750 neutra
1965 4675 2096 4749 horum
2122 4672 2302 4744 adiectivo

1325 4802 1409 4850 rum
1441 4777 1654 4865 flectuntur,
1695 4793 1736 4851 ut
1760 4779 1893 4879 χάριεν
1918 4777 2115 4876 χαρίεντος
2132 4771 2303 4872 χαρίεντι

1326 4880 1375 4952 El
1387 4881 1577 4975 participia
1592 4881 1755 4976 pmlva,
1766 4881 1998 5001 ..wassglg
2011 4878 2295 4980 τυφθέγτοςῦῑ).

1429 5003 1648 5075 Observebis
1663 5003 1703 5073 in
1720 4996 1794 5089 οεις
1807 4984 1957 5076 nomina
1973 5000 2158 5088 contrahi,
2187 5012 2230 5072 ut

1535 5104 1688 5198 Σιμόεις
1711 5114 1859 5204 Σιμοῦς

1534 5202 1741 5302 Σιμόεντος
1767 5214 1983 5303 Σιμοῦντος

1532 5309 1713 5405 Σιμόεντι
1736 5315 1936 5408 Σιμοῦντι.

315 5455 1273 5598 bll-‘lqttotll'llt‘r'qtr-e-otlffliit'ulgotedletlliillze'tlillioffffiw
1331 5465 1641 5592 ssot-vocemur
1658 5527 1688 5579 ln
1704 5529 1790 5581 noto.
1807 5527 2001 5583 ltu-tut.
2019 5533 2116 5585 onitu.

351 5598 382 5647 ut
400 5590 470 5663 tux
486 5590 589 5664 levo,
612 5595 682 5666 τούε
698 5591 799 5664 τινα,
824 5595 900 5665 διιόν
916 5595 1019 5667 δεινός·
1360 5608 1409 5677 ει)
1426 5613 1464 5662 rt
1479 5612 1627 5677 μητερα
1642 5640 1678 5654 -
1693 5617 1796 5684 πρε]
1821 5616 1889 5665 um
1911 5614 1942 5669 ιιι
1958 5618 2044 5671 rire
2056 5615 2248 5672 ιεεε-ιειι.
2265 5615 2302 5669 ιο

292 5710 301 5719 -
316 5679 366 5743 ot)
384 5683 460 5735 tttoo
474 5682 621 5749 lmorlptto
638 5682 669 5734 tn
684 5682 770 5736 ntro.
784 5683 980 5739 tta-tut.
997 5683 1087 5737 deest.
1391 5682 1468 5734 ant
1755 5703 1758 5710 ·

299 4851 336 4924 S.
361 4849 382 4927 ό
395 4849 512 4952 γέλως

359 4958 430 5027 τοῦ
442 4950 602 5052 γέλωτος

357 5059 414 5152 τῷ
427 5052 560 5153 γέλωτι

358 5154 427 5229 τόν
439 5153 585 5254 γέλωτα

357 5251 390 5331 ὦ
405 5254 532 5358 χόλοις.
