5125 6525
122 355 317 517 eoo

135 583 247 656 Piscis
260 584 299 653 in
315 584 503 678 aequoreis
518 598 632 674 perte
649 607 723 653 non
738 584 862 653 interit
877 584 996 667 undis,

189 686 330 756 invenit
343 702 378 756 et
397 700 497 755 muto
514 710 620 780 quem
638 686 734 777 legat
750 710 812 755 ore
832 687 964 770 eibum,

136 790 320 884 Quicquid
352 785 459 859 habet
493 788 616 873 tellus,
660 811 726 880 per
751 801 785 857 te
812 813 923 880 genus
950 807 1063 859 omne·
1081 792 1131 859 le·

712 914 848 961 rarum.

188 993 229 1064 ln
245 994 434 1085 praefinito
450 993 540 1060 vivit
559 992 703 1086 agitque
720 993 811 1062 loco.

137 1096 230 1167 Vere
245 1121 341 1168 novo
358 1111 505 1187 serpens
527 1098 622 1165 cavis
639 1096 826 1187 prosibilat
841 1095 964 1166 antris.

174 1200 282 1268 ‘Ante
299 1211 420 1266 tamen
436 1199 585 1268 brumae
603 1199 755 1288 frigore,
766 1198 896 1267 -nutrit
910 1195 1053 1280 humus,

139 1302 237 1395 Quid
264 1291 480 1382 memorem,
513 1295 622 1383 nihil,
663 1314 867 1392 contempta
903 1301 1136 1383 animalcula,

702 1428 852 1486 vermes,

189 1504 230 1574 ln
248 1508 364 1587 ferro,
390 1504 504 1589 saxis,
531 1506 717 1596 gramine,
742 1507 891 1589 fronde,
915 1506 1006 1590 luto,

135 1608 192 1677 En
209 1608 361 1699 dapibus
376 1609 491 1698 plenis
507 1631 659 1698 parvus,
685 1621 746 1677 tua
766 1608 938 1695 numina,
964 1607 1108 1691 mensis,

186 1711 283 1781 Grex
298 1724 403 1779 vocat
420 1710 549 1778 infanti
566 1721 600 1777 tc
619 1711 715 1778 canit
732 1735 794 1779 ore
811 1682 941 1793 Deum,

137 1812 211 1904 Qui
226 1814 338 1882 factos
355 1813 440 1882 facis
457 1836 532 1883 esse
548 1825 646 1894 tuos,
674 1837 764 1906 quos
781 1816 910 1883 educat
923 1813 1031 1881 alma

190 1913 365 1996 Dextera,
391 1909 445 1984 his
461 1927 635 2005 perpetuo
650 1915 706 1983 fac
722 1929 826 2006 pater
841 1939 916 1987 esse
929 1915 1029 1985 velis.

471 2135 590 2205 Puer
624 2137 798 2208 tamias.

130 2271 333 2364 Postquam
362 2284 524 2365 exempta
551 2273 684 2354 fames,
720 2273 904 2368 epulisque
929 2275 1049 2364 iugata
1078 2298 1132 2342 re-

704 2375 818 2455 cessit,

188 2476 244 2543 Ad
260 2476 418 2544 studium
433 2477 556 2544 redeat
569 2476 719 2565 parvula
738 2477 841 2544 turba
863 2500 980 2547 suum.
1069 2511 1074 2518 ·

137 2575 194 2644 Da
219 2590 342 2667 pater,
375 2576 466 2658 alta,
501 2590 564 2657 tuo
592 2577 656 2646 tibi
678 2600 848 2661 munere,
881 2602 1033 2670 corpora
1059 2602 1132 2648 cre·

703 2692 815 2763 scant,
879 2711 883 2720 ·

189 2780 271 2849 Una
292 2781 338 2849 sit
355 2781 546 2873 imperium
564 2805 646 2850 cura
667 2781 796 2852 obiisse
814 2796 928 2853 tuum.

138 2882 219 2953 Neu
243 2895 302 2952 tua
327 2908 405 2951 nrm
428 2896 564 2952 mereat
582 2907 685 2965 aera,
709 2879 805 2953 haud
823 2897 883 2953 tua
902 2886 994 2955 iussa
1012 2908 1132 2976 capes-

703 3000 793 3055 sant.

191 3085 299 3178 Quod
317 3088 439 3156 iubeas
455 3087 607 3167 saciant,
634 3090 803 3181 quodque
819 3100 915 3159 vetes
930 3087 1080 3178 fugiant.

138 3188 196 3259 Sic
211 3191 248 3256 in
265 3190 434 3258 concordi
452 3193 558 3281 degat
573 3213 673 3260 mens
691 3215 860 3283 corpore,
887 3203 922 3259 et
937 3214 1008 3260 una

191 3291 406 3375 Conveniet,
433 3307 548 3362 tecum
567 3294 612 3363 sit
628 3295 703 3364 sine
720 3297 790 3363 fine
807 3295 896 3364 dies.

430 3505 606 3580 Chorus
632 3514 843 3601 puerilis.

136 3653 270 3720 Adesto
288 3670 398 3739 parve
415 3670 520 3735 grex,
547 3646 659 3737 patris
676 3650 795 3738 magni
814 3650 945 3740 proles,

190 3751 312 3839 Magni
333 3750 462 3838 patris,
490 3749 610 3838 magni
625 3746 706 3818 Dei.

137 3849 282 3925 Christo
303 3875 422 3934 sacer,
445 3853 599 3943 ducique
617 3848 760 3922 Christo
777 3857 939 3937 devotus,

189 3954 361 4023 Dicamus
375 3955 499 4023 laudes
515 3954 669 4036 numini,

136 4057 269 4127 Versus
285 4080 456 4126 canamus
471 4057 630 4125 blaesulo
651 4057 745 4136 leves
766 4083 840 4141 ore,
862 4092 865 4097 ·

189 4160 366 4243 Carmen,
392 4159 524 4241 melos,
552 4154 719 4251 cythara,
746 4161 836 4253 lyra.

136 4262 194 4332 En
211 4263 428 4356 perbenigne
442 4262 563 4330 debito
580 4261 660 4331 cibo
679 4265 826 4355 accepti,

187 4366 380 4448 Redimus,
407 4378 442 4434 et
457 4361 547 4433 nihil
562 4366 672 4434 deest.

137 4466 250 4560 lgitur
268 4494 350 4538 aves
371 4480 522 4538 sonante
540 4480 682 4558 gutture
701 4469 869 4539 coelestes

138 4605 140 4608 >
189 4571 378 4663 Complere
394 4583 569 4639 certantes
588 4572 728 4656 domos,

136 4674 284 4746 Sursum
302 4677 469 4743 deorsum
487 4686 521 4742 et
537 4673 573 4740 in
588 4674 683 4745 vices
696 4676 968 4766 provolitantes,

188 4778 232 4848 Se
248 4779 344 4870 ipsos
358 4779 541 4847 studentes
556 4777 712 4861 vincere,

135 4880 284 4950 Frustra
301 4881 484 4962 videmus,
512 4890 547 4947 et
560 4880 653 4948 ieras
668 4905 730 4951 sua
748 4907 836 4951 voce

189 4983 351 5051 Faterier
368 4983 530 5074 opificem
550 4979 693 5050 Deum?

136 5085 280 5155 Mutum
299 5082 409 5168 nihil,
435 5085 582 5154 tacitum
602 5081 713 5168 nihil,
740 5098 866 5154 cuncta
886 5110 1028 5171 sonare,

188 5189 261 5257 Aut
275 5187 373 5277 signa
393 5189 490 5259 vocis
506 5192 622 5258 edere.
648 5250 655 5271 ,

135 5291 188 5362 Ut
202 5292 268 5362 sub
286 5291 456 5382 profundi
470 5291 628 5360 fluminis
644 5289 742 5382 vagis
758 5291 877 5374 undis,

188 5394 317 5464 Laevis
333 5394 415 5464 salit
427 5418 512 5483 gens
530 5394 692 5486 piscium.

136 5496 184 5567 Et
198 5523 272 5569 sese
288 5498 326 5566 in
343 5521 450 5567 auras
467 5498 593 5580 librat,
621 5520 662 5564 ac
677 5496 803 5589 recipit
817 5496 926 5568 intro.

188 5599 235 5670 Et
253 5626 325 5696 quo
341 5604 468 5685 datur,
493 5581 616 5670 laudat
631 5598 759 5671 Deum.

799 410 920 485 xcttt
971 412 1240 488 munitat
1270 410 1511 485 PUEltlLlA.

2099 418 2179 495 41⁰

1185 562 1233 654 ht
1248 608 1314 655 nos
1328 609 1419 676 opus
1434 583 1621 675 proprium
1638 586 1769 674 patris,
1794 581 1943 678 pulchre
1958 590 2094 677 fictum,

1234 688 1346 781 Queis
1364 702 1481 756 mente
1497 710 1566 755 vox
1583 688 1654 755 ah
1644 690 1769 755 mtima

1183 789 1309 872 Venit,
1335 814 1400 857 nec
1416 814 1479 858 ore
1496 789 1655 860 nascitur
1673 790 1790 859 inanis
1806 817 1959 865 summo.

1134 917 1137 927 ·
1233 891 1309 963 Nos
1327 916 1412 983 ergo
1426 890 1537 987 quid?
1565 891 1786 982 tacebimus?

1183 993 1229 1064 Et
1244 991 1376 1063 hancce
1392 995 1534 1064 laudem
1549 995 1671 1066 hestiis
1688 996 1949 1069 concedemus?

1234 1095 1268 1164 0
1285 1099 1388 1167 turba
1407 1099 1585 1190 particeps
1602 1098 1682 1180 Dei,

1182 1199 1335 1294 Minime
1352 1201 1568 1283 tacebimus,
1593 1205 1694 1269 decet
1708 1226 1775 1272 nos
1792 1202 1974 1291 praestare

1234 1301 1375 1383 Brutis,
1402 1305 1503 1371 decet
1517 1315 1621 1373 natos
1637 1328 1740 1372 snum

1184 1403 1311 1473 Colere
1329 1418 1535 1495 parentem,
1560 1406 1693 1495 gratias
1711 1430 1814 1495 agere
1833 1430 1994 1499 magnas,

1234 1507 1479 1600 Pectoreque,
1506 1531 1665 1600 voceque
1684 1508 1859 1592 unanimi,
1931 1531 1933 1534 ·

1183 1609 1258 1678 Pro
1272 1622 1327 1678 tot
1339 1611 1538 1691 beneficiis,
1563 1622 1598 1678 et
1616 1610 1815 1681 innumeris
1830 1613 1948 1693 donis,

1235 1712 1375 1804 Quibus
1392 1713 1451 1781 ille
1470 1736 1536 1782 nos
1554 1716 1782 1782 condecorat.
1878 1795 1885 1804 μ

1185 1814 1292 1906 Quod
1314 1831 1490 1886 vucrmur
1503 1815 1691 1900 vitalibus,
1716 1803 1903 1899 homines,
1927 1814 2036 1900 auris,

1234 1916 1425 1987 Primum
1415 1917 1526 2007 ipsius
1541 1912 1610 1987 hoc
1625 1941 1756 1988 munus
1773 1931 1837 1989 est.

1184 2017 1279 2088 Dein
1296 2020 1426 2113 quod
1417 2045 1532 2111 ipsum
1553 2019 1766 2111 agnovimus
1782 2022 1897 2090 solum
1917 2043 2065 2105 numen,

1235 2122 1453 2193 Beneficium
1472 2136 1524 2193 est
1540 2123 1767 2214 primarium.

1183 2221 1339 2296 Pulcher
1357 2228 1455 2319 quod
1471 2249 1592 2308 sexus,
1618 2220 1714 2295 haud
1733 2249 1789 2294 res
1804 2228 2018 2317 spernenda.

1236 2326 1310 2397 Nec
1327 2353 1411 2397 sara
1428 2352 1572 2410 sumus,
1599 2340 1661 2396 aut
1676 2328 1824 2418 stipites.

1185 2427 1294 2520 Quod
1308 2432 1403 2499 unde
1420 2431 1587 2510 edamus,
1614 2429 1826 2514 vestiamus,
1852 2444 1923 2513 est,
1950 2431 2102 2515 confert,

1236 2528 1284 2599 Et
1298 2533 1473 2601 discemus
1488 2533 1585 2624 quod
1602 2531 1748 2613 litteras,

1178 2632 1258 2705 Nec
1273 2637 1434 2724 degimus
1450 2632 1608 2727 bonique
1632 2635 1787 2727 malique
1804 2636 1968 2726 ignarum
1986 2658 2127 2703 aevum.

1235 2736 1329 2806 Num
1347 2737 1461 2805 laudis
1476 2748 1529 2805 est
1544 2735 1708 2806 occasio?

1184 2838 1415 2930 Quaroagite
1432 2862 1500 2928 pro
1515 2863 1552 2908 se
1567 2839 1719 2931 quisque
1737 2840 1986 2908 concelebrato

1235 2941 1374 3033 Quibus
1391 2946 1507 3031 potest
1522 2957 1658 3031 patrem
1681 2943 1797 3011 modis

1184 3042 1230 3112 Et
1248 3048 1293 3111 ad
1312 3069 1415 3114 suum
1430 3047 1554 3111 redeat
1571 3068 1661 3136 opus
1679 3046 1788 3112 alacri
1806 3056 1937 3114 mente.

1235 3146 1292 3215 Sic
1307 3148 1357 3218 sic
1373 3159 1474 3236 pater
1489 3160 1612 3215 noster
1627 3147 1735 3216 iubet.

1348 3315 1434 3402 Sub
1460 3356 1693 3422 vesperam
1722 3333 2010 3403 koimiticon.

1184 3469 1287 3540 Nunc
1303 3470 1476 3552 cubitum,
1499 3471 1672 3562 quoniam
1687 3493 1816 3558 magna
1831 3481 1883 3540 est
1900 3492 1983 3559 pars
1999 3482 2076 3539 acta
2093 3470 2179 3555 diei,

1234 3571 1494 3666 Tenebraeque
1510 3585 1623 3642 terras
1638 3583 1826 3664 occupant,

1183 3672 1279 3744 lmus
1298 3675 1450 3769 quisque
1467 3699 1548 3745 suas
1565 3677 1692 3759 aedes,
1716 3698 1900 3768 pensoque
1922 3674 2042 3744 soluto

1228 3776 1368 3847 Curam
1385 3777 1457 3847 diei
1472 3777 1653 3870 ponimus.

1154 3918 1158 3951 ι
1182 3879 1288 3952 Nunc
1301 3881 1471 3973 propria,
1498 3905 1520 3949 o
1536 3881 1661 3972 pueri,
1688 3879 1888 3949 occursabit
1902 3879 2029 3950 mortis
2043 3879 2175 3970 imago.

1234 3983 1416 4054 Germana
1434 3984 1520 4054 laeti
1534 3978 1623 4053 haec
1640 3994 1693 4053 est
1709 3983 1821 4076 quies.

1182 4086 1317 4157 Discite
1333 4110 1398 4156 vos
1412 4086 1526 4178 patri,
1553 4086 1680 4180 quanti
1695 4087 1797 4168 estis,
1824 4087 1967 4155 credere
1984 4096 2115 4154 vestro.

1233 4188 1415 4272 Periistis,
1440 4185 1499 4257 hic
1519 4188 1550 4259 si
1561 4189 1730 4281 negligat.

1183 4291 1369 4384 Exiguus
1357 4305 1466 4362 restat
1482 4287 1695 4365 dehiscentis
1708 4289 1853 4409 spiritus
1871 4289 1957 4371 oris,

1233 4395 1336 4465 Mors
1350 4407 1494 4487 praeter
1508 4391 1630 4465 hunc
1620 4394 1809 4485 rpsissima.

1183 4497 1279 4590 Ergo
1297 4499 1396 4590 prius
1409 4498 1526 4568 dulcis
1541 4521 1649 4591 quam
1667 4497 1810 4565 claudat
1824 4491 1961 4562 lumina
1981 4513 2129 4561 somnus
2143 4542 2153 4573 ,

1235 4601 1281 4670 Et
1296 4604 1384 4671 fessa
1401 4602 1562 4669 membra
1579 4611 1767 4683 recreet,

1183 4705 1242 4776 Sic
1256 4704 1407 4796 geminis
1421 4728 1561 4773 sursum
1580 4706 1624 4771 ad
1642 4700 1823 4778 nascentia
1842 4698 1958 4769 sidera
1972 4692 2102 4787 palmis

1236 4808 1383 4890 Tensis,
1411 4806 1608 4898 precamini
1599 4804 1766 4875 Deum:

1182 4911 1238 4980 Da
1265 4925 1388 5003 pater,
1423 4908 1515 4979 hanc
1540 4909 1680 4977 facilem
1709 4916 1834 4995 carpat
1855 4919 1956 4973 mens
1980 4901 2073 4970 laeta
2099 4895 2179 4990 qui·

1752 5021 1858 5087 etem,

1234 5116 1309 5186 Et
1298 5141 1335 5184 m
1353 5115 1433 5186 sinu
1449 5126 1630 5183 aeternam
1650 5125 1725 5180 tuo.
1770 5190 1774 5195 ¹

1447 5303 1509 5373 De
1538 5304 1664 5374 cultu
1692 5303 1915 5394 corporis.

1548 5407 1622 5493 ‘Ex
1648 5423 1794 5492 Ovidio.

1185 5559 1256 5626 (lltc
1274 5559 1668 5624 Ιοιιιιοοιιιριιειιιιινθιιιιι
1684 5556 1749 5607 Art.
1763 5555 1854 5606 anot.
1868 5544 2063 5617 Mitt-m.
2078 5545 2180 5614 ellit,
2211 5523 2220 5531 ⁸

1158 5630 1244 5681 tm.
1263 5631 1322 5679 ³⁰⁰.
1341 5629 1429 5679 756-
1442 5630 1520 5683 758..
1544 5629 1640 5690 totoue
1658 5628 1742 5690 ιιραιι
1725 5627 1803 5673 ntur
1841 5625 1975 5685 Quotm
1992 5620 2091 5670 autent
2108 5631 2180 5671 oer-
