5125 6525
259 447 341 523 769
900 437 1260 515 ADDlTAMEN'l'A
1286 435 1354 510 AD
1378 432 1523 508 vou..
1545 432 1671 505 l-ll.
1975 488 1978 492 .
2218 415 2294 498 770

266 621 409 691 Circum
432 629 535 709 prata
554 615 711 709 volat¹),
736 615 824 685 rivis
842 638 934 709 quae
949 636 1089 704 semper
1104 614 1148 680 ab
1166 610 1254 681 albis
1306 608 1422 700 Quem
1448 630 1556 698 penes
1577 603 1765 674 arbitrium
1790 614 1861 684 est,
1887 612 1922 670 et
1942 600 2013 681 vis,
2040 610 2075 666 et
2089 619 2216 666 norma
2237 620 2291 663 ca·

265 724 502 816 Sparguntur,
512 719 734 811 pinguesque
749 729 871 786 creant
885 716 1099 786 animalibus
1112 710 1253 784 herbas.
1919 700 2039 772 nendi·
2229 798 2238 814 .

368 821 536 914 Dumque
559 820 644 890 novi
665 843 809 890 rursum
830 832 1026 890 conventus
1043 817 1145 908 copia
1161 817 1253 884 facta
1307 811 1490 882 Consulite
1521 809 1558 877 in
1583 809 1762 915 medium,
1796 829 1901 900 quem
1924 829 2002 874 sors
2022 802 2138 884 volet,
2162 801 2294 868 arbiter

488 991 491 998 .
882 936 947 1005 est,
1914 919 2011 981 esto.

264 1025 433 1096 Instructi
448 1024 551 1095 sociis
570 1026 703 1093 obeunt
720 1036 951 1118 tempusque,
977 1023 1180 1113 locumque.
1306 1013 1400 1085 Nam
1417 1038 1544 1083 vereor
1556 1013 1699 1083 scissam
1714 1011 1829 1080 studia
1845 1011 1882 1078 in
1900 1006 2078 1088 ct)nullia
2096 1014 2235 1120 genifffl

266 1127 308 1198 ln
322 1128 484 1196 Merulae
501 1150 642 1206 causam
659 1126 840 1195 descendit
856 1127 894 1194 in
913 1125 1039 1193 ordine
1056 1123 1175 1215 primo
1307 1116 1536 1186 Praedonum
1553 1116 1703 1206 arripiat
1717 1114 1843 1184 rostris
1862 1137 1908 1181 ne
1925 1110 2098 1181 exercitus
2111 1127 2224 1175 uncis.

265 1230 412 1299 Turdus
429 1211 540 1311 edax,
566 1229 665 1298 cuius
680 1229 853 1298 fruticans
868 1229 912 1296 de
928 1239 1083 1297 stercore
1098 1225 1234 1293 viscum
1307 1219 1429 1311 Quare
1444 1219 1535 1309 agite
1551 1243 1572 1286 o
1589 1218 1678 1310 lapsi
1694 1217 1833 1309 generis
1850 1226 2014 1307 reparate
2023 1211 2056 1306 ⁸)
2076 1208 2231 1289 ruinam,

265 1331 396 1402 Editur
410 1331 446 1399 in
464 1330 592 1412 ramis,
616 1329 817 1423 sterilisque
831 1331 869 1398 in
886 1342 1048 1419 tempore
1066 1329 1216 1396 brumae
1307 1319 1357 1389 Ut
1374 1333 1501 1390 coeant
1514 1321 1643 1391 stabuli
1658 1322 1814 1390 fatorum
1835 1321 1982 1390 numine
1999 1329 2147 1389 mentes.

265 1433 410 1503 Fronde
423 1433 532 1501 micat
547 1431 667 1513 viridi,
686 1434 782 1524 quod
797 1456 871 1501 non
888 1456 952 1502 sua
968 1430 1122 1500 seminat
1135 1429 1254 1497 arbor.
1306 1422 1376 1493 Fas
1393 1425 1499 1492 etiam
1510 1446 1673 1513 premere
1689 1423 1869 1515 imperiis,
1896 1448 1937 1492 ac
1951 1424 2081 1491 addere
2095 1420 2278 1507 mulctam,

267 1534 420 1624 Cognati
439 1546 474 1602 et
489 1534 627 1623 generis
641 1534 805 1604 volucres
821 1559 858 1604 se
874 1534 1032 1602 coetibus
1050 1533 1199 1612 addunt,
1308 1525 1405 1595 Olim
1422 1525 1485 1620 qui
1498 1538 1639 1595 nostras
1657 1527 1829 1595 tenuatim
1849 1538 2007 1594 evertere
2022 1525 2117 1593 vires

267 1639 377 1728 Queis
395 1636 528 1704 vietum
544 1660 562 1703 e
580 1635 696 1704 baccis
712 1636 851 1704 facilem
870 1637 1015 1705 dumeta
1038 1633 1255 1702 ministrant.
1310 1629 1460 1710 Conati,
1482 1640 1517 1696 et
1531 1628 1663 1719 plumis
1679 1628 1841 1718 inoperta
1859 1628 2060 1720 relinquere
2075 1626 2249 1710 membra,

262 1738 356 1808 Hinc
372 1737 503 1817 Vireo,
528 1737 658 1827 tepidis
673 1751 815 1807 nostras
832 1738 893 1831 qui
912 1736 1093 1807 mensibus
1109 1755 1191 1804 oras
1309 1731 1410 1823 Quos
1444 1753 1528 1821 ego:
1582 1729 1651 1799 Sed
1687 1731 1814 1799 mediis
1840 1754 1911 1797 vox
1936 1743 2041 1820 rupta
2072 1729 2111 1796 in
2136 1728 2295 1798 faucibus

261 1840 373 1921 visit,
400 1852 433 1907 et
449 1839 592 1907 Arcturi
606 1863 730 1910 rursus
746 1840 819 1908 sola
841 1852 957 1908 mutat
972 1840 1016 1907 ab
1034 1851 1129 1919 ortu,
1359 1860 1363 1871 ·
1924 1829 2040 1905 haesit

263 1941 477 2032 Composuit
491 1939 652 2010 Merulae
668 1963 705 2010 se
722 1943 902 2031 partibus,
929 1953 964 2008 et
979 1940 1057 2007 fora
1075 1936 1214 2030 pressit.
1311 1933 1464 2015 collisu,
1492 1947 1526 2002 et
1540 1934 1654 2004 foedis
1670 1932 1881 2026 singultibus
1898 1936 2042 2026 impulit
2059 1958 2174 2007 auras.

366 2042 454 2111 Mox
477 2067 514 2111 se
538 2065 765 2133 congressum
786 2043 824 2112 in
840 2043 1000 2112 medium
1019 2042 1100 2111 tulit
1114 2039 1255 2109 aemula
1311 2034 1450 2105 Inventi
1467 2049 1587 2104 tamen
1605 2037 1738 2105 interea
1758 2036 1819 2132 qui
1838 2037 1969 2129 pingue
1985 2052 2172 2109 sonantem

890 2144 989 2227 Pica,
1310 2136 1523 2228 Excipereut
1540 2140 1686 2228 plausu,
1712 2142 1797 2209 dum
1814 2140 1960 2210 flaccida
1979 2142 2136 2210 carmina
2153 2141 2279 2211 stultus

265 2248 411 2342 Quique
424 2246 569 2336 Merops
583 2248 732 2318 mamtis
746 2251 891 2317 dorsum
908 2247 1069 2313 variatur
1084 2242 1258 2325 amoenis,
1310 2240 1470 2311 Collibus
1485 2254 1520 2310 et
1531 2243 1623 2311 saxis
1641 2242 1755 2311 deliro
1769 2257 1894 2311 narrat
1909 2246 1953 2311 ab
1972 2268 2046 2314 ore.

264 2352 316 2419 Ac
333 2349 462 2419 Ululae
478 2349 619 2439 riguam
636 2349 714 2417 dira
734 2373 827 2441 quae
840 2372 927 2416 voce
946 2348 1102 2440 quietem
1311 2343 1424 2412 Stulta
1444 2344 1585 2433 placent
1597 2345 1724 2432 vulgo,
1751 2346 1877 2413 studiis
1895 2347 2089 2414 certamina
2107 2362 2278 2419 crescunt.

261 2452 490 2533 Discutiunt,
517 2452 637 2519 radios
654 2475 780 2521 exosae
796 2450 884 2519 lucis
901 2461 1059 2540 apertae,
1310 2445 1525 2514 Praesertim
1545 2443 1682 2513 Merula
1699 2446 1919 2537 applaudens
1936 2442 1991 2516 his
2009 2449 2152 2518 vocibus
2168 2450 2259 2519 infit:

265 2555 414 2622 Addunt
428 2576 465 2621 se
479 2555 592 2621 socias
608 2564 715 2644 atque
731 2552 872 2642 agmina
888 2549 1029 2619 conscia
1043 2548 1196 2638 iungunt
1310 2546 1379 2615 Fas
1394 2546 1458 2613 tibi
1477 2572 1533 2615 me
1550 2547 1690 2618 cessisse
1705 2549 1805 2631 loco,
1828 2548 1892 2617 tibi
1909 2546 2044 2639 lupiter
2061 2576 2196 2643 aequus

266 2655 442 2726 Cristatae
458 2653 615 2736 volucri,
642 2667 760 2723 rostro
780 2677 871 2746 quae
892 2652 1042 2742 clangit,
1066 2662 1102 2718 et
1116 2649 1181 2720 alis
1309 2648 1449 2718 Annuit
1461 2649 1673 2739 imperium,
1701 2664 1739 2720 tu
1755 2674 1851 2719 nunc
1867 2651 1935 2721 eris
1952 2654 2042 2721 alter
2060 2653 2196 2737 abillo,

266 2756 412 2846 Plangit
426 2779 538 2825 ovans
554 2755 617 2823 alti
634 2758 774 2826 lumoso
790 2758 829 2822 in
847 2755 1001 2824 culmine
1016 2751 1118 2843 tigni.
1312 2751 1485 2842 Quamvis
1501 2763 1539 2820 tu
1557 2753 1660 2843 niger
1673 2778 1728 2834 es,
1751 2755 1915 2846 quamvis
1930 2755 1975 2824 sit
1992 2756 2163 2825 candidus
2177 2757 2248 2828 ille.

371 2858 470 2926 Pone
510 2858 602 2927 latus
634 2856 759 2927 Cuculi
793 2858 964 2926 incedunt
996 2878 1088 2948 quae
1121 2851 1256 2945 liquida
1311 2851 1359 2922 Et
1373 2866 1407 2923 te
1420 2855 1547 2944 vulgus
1566 2867 1684 2937 amat,
1711 2857 1819 2946 vulgo
1835 2869 1896 2926 tua
1912 2858 2071 2942 carmina
2091 2881 2208 2928 curae.

892 2970 1015 3047 stagna
1080 3013 1084 3020 .
1311 2956 1370 3024 Tu
1385 2957 1506 3044 pneris
1523 2979 1692 3047 responsa
1713 2958 1842 3042 refers,
1869 2983 1947 3028 cum
1966 2974 2130 3050 tempora
2147 2961 2241 3031 vitae

269 3063 458 3131 Sectantur
471 3060 653 3141 volucres,
680 3061 792 3150 mergi
807 3061 1005 3154 fulicaeque
1023 3056 1197 3137 marinae,
1311 3058 1485 3127 Scitatum
1502 3058 1617 3128 balbis
1633 3074 1784 3150 poscunt
1798 3063 1940 3131 oracula
1960 3062 2101 3153 linguis.

269 3167 423 3232 Autores
436 3163 580 3253 pluviae
595 3173 916 3255 tempestatumque
935 3172 1140 3232 sonantum.
1312 3160 1367 3230 Sis
1381 3161 1497 3229 bonus
1514 3184 1536 3227 o
1552 3162 1730 3254 loelixque
1744 3164 1833 3244 tuis,
1857 3175 1917 3231 tua
1932 3164 2010 3232 iura
2027 3164 2187 3233 volentes

271 3265 439 3337 Cernitur
454 3260 519 3334 has
537 3265 632 3333 inter
645 3262 797 3333 Vulcani
814 3265 984 3335 subdolus
1002 3264 1085 3343 ales,
1310 3264 1535 3353 Accipimus,
1561 3288 1626 3332 uec
1641 3289 1707 3333 nos
1722 3265 1857 3335 Cuculo
1870 3290 1996 3358 parere
2011 3265 2156 3358 pigebit.

271 3368 498 3438 Clandestina
513 3369 630 3437 lerens
646 3366 780 3435 Cuculo
798 3364 966 3455 suffragia
983 3359 1157 3431 Phoenix.
1413 3365 1495 3435 Nou
1513 3365 1593 3433 tulit
1607 3366 1757 3438 ulterius
1773 3367 1896 3452 Bubo,
1921 3370 1983 3440 sed
1998 3369 2128 3440 talibus
2142 3370 2236 3439 iniit:

269 3469 367 3538 Rara
386 3472 460 3538 avis
476 3469 535 3536 illa
553 3469 698 3561 quidem
717 3469 849 3534 circum
868 3490 954 3534 cava
972 3465 1114 3544 littora,
1138 3460 1235 3531 saevi
1312 3468 1395 3538 Non
1414 3493 1435 3536 o
1450 3489 1524 3535 non
1540 3467 1722 3553 volucres,
1747 3494 1822 3539 nou
1837 3466 1910 3539 hoc·
1923 3471 2122 3541 rationibus
2138 3472 2219 3542 ullis

270 3570 535 3662 Impatiensque
554 3569 683 3653 maris,
709 3592 774 3635 nec
792 3566 1038 3639 consociabilis
1055 3565 1131 3645 ulli,
1313 3570 1398 3639 Sors
1414 3570 1518 3652 velit,
1545 3591 1564 3637 a
1580 3572 1671 3641 divis
1687 3572 1871 3642 meliorem
1891 3574 2025 3665 poscite
2044 3586 2212 3646 mentem.

270 3671 439 3762 Improba
456 3695 548 3764 quae
565 3671 672 3739 solvit
688 3670 879 3761 garritibus
895 3694 979 3752 ora,
1001 3666 1156 3737 volucri:
1313 3673 1396 3744 Non
1414 3696 1525 3742 onon
1541 3675 1722 3755 volueres,
1745 3698 1821 3744 non
1837 3679 1866 3747 si
1882 3672 1970 3746 mihi
1986 3674 2122 3766 Iupiter
2136 3689 2242 3746 autor

272 3775 441 3842 Attamen
460 3773 646 3864 applaudit
663 3772 818 3856 Cuculo,
845 3797 909 3841 nec
925 3772 1037 3843 secius
1058 3771 1158 3838 illum
1313 3775 1518 3867 Spondeat,
1544 3771 1613 3845 hoc
1630 3799 1768 3869 sperem
1787 3804 1910 3869 pacem
1927 3778 2133 3869 contingere
2150 3803 2244 3870 rege.

271 3873 351 3967 lpse
367 3876 439 3946 suis
454 3875 618 3964 plausum
636 3875 849 3945 facientibus
865 3876 994 3943 excitat
1007 3872 1084 3955 alit,
1314 3878 1616 3972 Quandoquidem
1635 3904 1654 3948 a
1672 3876 1776 3951 nobis
1791 3882 1947 3952 fatorum
1965 3883 2150 3976 exquirere
2167 3906 2289 3952 sensus
2332 3907 2340 3946 ι

274 3978 392 4070 Quam
407 3978 508 4045 faber
525 3979 679 4047 admotis
696 3978 757 4071 qui
774 3978 917 4047 [ollibus
933 3975 1060 4045 excitat
1079 3973 1210 4064 ignem·
1314 3981 1466 4072 Agmina
1485 3994 1599 4051 vestra
1616 3983 1751 4066 solent,
1777 4008 1842 4053 nec
1859 4010 1922 4054 vos
1941 3985 2084 4055 latuisse
2104 3987 2300 4075 putandum

376 4079 480 4148 Stant
504 4092 627 4147 contra
652 4081 863 4149 innumerae
886 4081 1048 4148 volucres
1067 4077 1169 4169 queis
1186 4096 1261 4141 car·
1936 4101 2000 4171 est,

896 4182 994 4249 mina
1016 4202 1134 4247 curae.
1315 4185 1423 4277 Quod
1438 4184 1504 4252 lini
1520 4197 1672 4275 segetem
1690 4190 1857 4278 praecepi
1871 4191 2022 4258 avellere
2036 4190 2150 4273 sulcis,

274 4283 490 4352 Praesertim
507 4281 643 4350 Cuculo
661 4284 753 4352 vires
769 4285 923 4352 intendit
939 4283 1091 4361 Alauda,
1316 4287 1410 4355 Dum
1432 4286 1530 4355 rudis
1548 4289 1671 4377 exigua
1690 4290 1850 4367 latuisset
1865 4292 1986 4362 messis
2001 4291 2037 4358 in
2054 4287 2178 4372 herba,

275 4386 322 4453 Et
336 4385 467 4453 victum
486 4385 524 4451 in
539 4387 656 4452 dumis
669 4409 761 4478 quae
777 4410 923 4476 carpere
938 4385 1068 4475 gaudet
1080 4375 1263 4464 Acanthis,
1315 4391 1369 4459 Ne
1385 4414 1449 4460 vos
1464 4401 1557 4456 texta
1577 4391 1662 4457 olim
1678 4386 1878 4479 traherent,
1905 4405 1940 4460 et
1956 4395 2054 4460 abire
2071 4403 2244 4460 vetarent.
2299 4437 2304 4450 .

275 4489 393 4578 Atque
413 4487 565 4555 alacrem
583 4486 754 4577 Fringilla
770 4512 902 4557 sonans
919 4499 1042 4578 arguta
1063 4498 1238 4564 tenorem,
1317 4492 1439 4584 Quare
1471 4491 1583 4582 agite,
1618 4516 1659 4559 ac
1690 4494 1818 4563 animis
1847 4519 1939 4588 quae
1969 4496 2085 4563 dicam
2116 4494 2302 4587 expendite

276 4587 321 4656 Et
340 4587 497 4659 Curruca
514 4589 642 4659 timens
658 4590 799 4680 ingrato
817 4615 858 4658 ex
875 4586 1015 4681 hospite
1033 4601 1200 4676 stragem,
1936 4597 2073 4668 vestris,

277 4693 413 4761 Omnes
427 4691 648 4760 dulcisonam
665 4693 758 4762 votis
772 4692 921 4762 Aedona
942 4691 1122 4783 petebant.
1316 4697 1399 4766 Non
1415 4695 1587 4765 Cuculum
1607 4721 1649 4763 ex
1664 4698 1772 4788 adyto
1787 4710 1918 4781 sortes,
1944 4724 2018 4769 non
2034 4700 2187 4790 plurima
2203 4703 2302 4770 coelo

277 4791 378 4862 lllam
396 4794 501 4863 laude
518 4789 671 4877 vehunt,
699 4808 854 4885 praestet
868 4794 951 4887 quia
968 4794 1072 4862 laude
1089 4785 1252 4858 canendi.
1316 4798 1478 4867 Monstra
1502 4800 1624 4869 sinunt
1649 4798 1821 4871 Cuculum
1845 4803 2008 4893 gregibus
2032 4806 2117 4871 dare
2137 4802 2215 4873 iura
2240 4828 2302 4873 vo.

277 4895 411 4966 Verum
429 4892 516 4965 haec
532 4921 605 4964 non
623 4897 737 4966 voluit
750 4921 786 4966 se
804 4897 961 4966 coetibus
984 4898 1113 4963 addere
1132 4890 1264 4982 pravis,
1938 4907 2088 4975 lantum,

278 4997 376 5065 Vidit
392 4998 486 5066 enim
504 4998 677 5068 Cuculum
703 5024 832 5090 magna
850 4999 1001 5068 volitare
1016 5010 1168 5067 caterva·
1317 5005 1402 5074 Sors
1419 5003 1513 5073 cadit
1528 5003 1565 5071 iu
1583 5004 1749 5088 Gallum,
1776 5029 1932 5100 namque
1948 5009 2048 5078 illum
2065 5031 2210 5099 poscere
2231 5009 2302 5076 fata

382 5100 476 5168 Tum
512 5125 684 5194 quassans
719 5115 826 5194 caput
853 5097 941 5170 haec
967 5099 1106 5191 Coctyx
1133 5121 1175 5164 ex
1202 5116 1264 5162 ⁰²·e
1318 5106 1364 5176 Et
1379 5131 1482 5188 reor,
1508 5118 1543 5175 et
1558 5107 1704 5176 monitis
1718 5112 1747 5176 si
1765 5108 1844 5201 quis
1857 5109 1957 5180 locus
1972 5112 2144 5201 amplius,
2170 5134 2247 5181 oro.

892 5202 1069 5294 PrOfUdilss
1318 5210 1442 5304 Non⁴)
1465 5233 1592 5278 somno
1618 5210 1797 5299 indulget,
1824 5214 1885 5281 sed
1904 5238 1982 5282 cum
2000 5214 2210 5303 intempesta
2225 5213 2304 5282 silet

279 5302 364 5374 Nou
379 5302 477 5385 latet,
493 5327 514 5371 o
531 5306 704 5388 volucres,
721 5306 884 5399 Cygnum
900 5307 997 5398 quod
1011 5305 1083 5372 lata
1096 5301 1267 5378 tulerunt,
1936 5339 2019 5401 nox,

279 5402 397 5496 Atque
411 5404 491 5472 ideo
509 5407 627 5496 regnis
645 5409 828 5476 ductorem
846 5430 990 5498 poscere
1007 5417 1132 5486 sortes,
1325 5450 1525 5462 ---

284 5563 488 5574 ——-----—

1355 5563 1387 5619 8)
1407 5558 1547 5628 repmto]
1564 5563 1604 5611 alo
1621 5562 1670 5612 ud.
1685 5562 1728 5623 23
1755 5562 1805 5615 lld.
1822 5566 1846 5616 l.
1864 5575 1997 5628 reparare

316 5654 347 5716 ι)
367 5655 459 5716 volat]
476 5654 518 5705 elo
537 5655 586 5705 uu
600 5657 639 5721 t,
666 5655 717 5710 tto.
731 5655 757 5707 ί.
776 5655 875 5706 rolens
1356 5645 1388 5711 t)
1407 5648 1482 5707 Non]
1500 5649 1540 5698 sto
1556 5649 1606 5699 Ed.
1622 5650 1662 5711 t.;
1687 5650 1735 5698 tte
1750 5648 1776 5702 Ι.
1795 5649 1851 5698 Nec

286 5738 471 5806 umaro.
493 5739 600 5802 Oeen.
634 5737 719 5800 Vou.
741 5736 816 5800 XX.
987 5723 990 5732 '
1739 5715 1788 5788 49
