5125 6525
213 493 220 504 ἱ
265 410 344 488 865

479 578 535 630 DE
563 572 757 630 annam
786 527 1043 625 vultuolttm

368 684 567 777 Nunquam
583 681 723 770 integra
741 678 919 749 sententia
939 700 1020 746 eum
1037 673 1266 744 nominativo

267 787 353 861 solis
376 785 585 855 nominibus
611 793 750 854 constat
766 779 826 873 Ὢ).
885 779 1009 872 Quare
1038 801 1119 848 cum
1150 774 1268 844 nomi·

266 891 374 961 nibus
397 901 492 958 certa
517 886 681 982 quadam,
697 884 839 952 ratione
871 882 982 951 verba
995 878 1045 975 ¹⁸)
1077 900 1268 970 coagmen·

263 1003 403 1064 tantur.

592 1137 743 1207 Prima
770 1136 945 1227 regula.

372 1275 627 1350 Nominativus
642 1241 824 1364 praecedit
838 1272 987 1341 verbum
1002 1268 1142 1338 finitum
1158 1266 1267 1337 simili

267 1404 424 1452 numero
450 1391 484 1447 et
506 1399 681 1468 persona,
707 1387 765 1443 ut:
798 1372 875 1465 Ego
896 1374 995 1464 lego,
1023 1384 1061 1442 tu
1076 1371 1181 1462 legis,
1209 1365 1267 1438 hic

265 1485 367 1575 legit.
408 1478 514 1553 ‘Nam
544 1477 762 1569 pronomina
796 1489 965 1545 naturam
988 1474 1179 1544 nominum
1203 1466 1266 1539 ha·
1336 1523 1345 1539 .

265 1587 367 1656 bent.
418 1581 566 1651 Utimur
591 1593 710 1650 autem
733 1579 852 1671 prima
881 1590 917 1646 et
939 1577 1093 1647 secunda
1112 1597 1265 1667 persona

267 1683 501 1759 dissimulatis
518 1681 808 1774 pronominibus.
850 1679 977 1748 Tertia
995 1702 1163 1770 persona,
1189 1701 1265 1748 stne

267 1786 517 1869 nominativo,
542 1786 581 1853 in
603 1784 722 1854 verbis
745 1782 993 1875 personalibus
1016 1805 1093 1850 non
1119 1780 1266 1851 utimur.

221 1877 235 1911 ²
270 1891 402 1964 Caesar
416 1902 451 1958 et
466 1913 528 1957 rex
543 1887 733 1957 Gallorum
751 1885 971 1956 conveniunt
987 1885 1082 1953 inter
1095 1908 1144 1956 se.
1172 1881 1266 1954 Nam
1346 1934 1356 1949 .

269 1996 343 2066 duo
359 1989 554 2083 singularia
569 1988 754 2083 postulant
765 1989 904 2081 plurale
921 1988 1084 2058 verbum.

372 2093 456 2178 Est,
482 2117 563 2164 cum
586 2091 784 2164 infinitivus
800 2116 867 2184 pro
883 2090 1110 2161 nominativo
1128 2089 1266 2159 Graeca

269 2196 528 2270 cousuetudine
544 2200 752 2289 usurpatur,
772 2208 814 2266 ut
828 2193 954 2289 [Ovid.
969 2219 1012 2265 ex
1027 2193 1147 2265 Ponto
1164 2190 1266 2284 epist.

266 2297 314 2386 ll,
329 2300 366 2385 9,
380 2298 431 2372 47
445 2294 543 2397 sq.]:

374 2433 453 2485 Adde
471 2432 544 2495 qued
560 2430 695 2496 ingenuae
714 2428 846 2481 1111111111
862 2428 984 2480 fideliter
998 2430 1077 2479 artes

375 2517 489 2569 Emollit
506 2528 617 2581 mores,
640 2529 691 2566 nec
709 2516 777 2566 sinit
795 2527 858 2565 esse
876 2515 961 2565 teres.

268 2622 368 2696 Nam
386 2621 536 2691 verbum
554 2620 691 2689 emollit
706 2619 901 2711 respondet
916 2613 984 2699 his,
1009 2629 1182 2711 tanquam
1203 2640 1268 2684 no-

268 2723 472 2806 minativo,
500 2722 663 2792 didicisse
681 2722 833 2790 fideliter
851 2734 945 2791 artes
956 2717 1014 2815 Ἡ).
1045 2716 1183 2789 ⁸Graeci
1200 2718 1267 2788 sic:

273 2820 327 2899 Τὸ
351 2826 496 2917 μαθεῖν
518 2815 676 2921 πραΰνει
700 2821 791 2917 ἤθη.
842 2821 936 2892 Eum
960 2822 1177 2891 infinitivum
1202 2820 1269 2889 cir-

271 2927 541 3020 cumloquimur
557 2926 657 2994 linito
676 2927 799 3010 verbo,
815 2927 952 2995 adiecta
967 2925 1142 3018 particula
1159 2923 1268 3019 quod.

270 3028 383 3100 Dolet
405 3028 539 3111 Gallis,
572 3030 670 3122 quod
691 3053 754 3097 rex
774 3053 858 3099 suus
881 3053 901 3096 a
922 3027 1053 3098 Carolo
1076 3027 1191 3098 victus
1211 3027 1269 3109 sit,

271 3132 400 3217 idest,
426 3155 546 3224 regem
565 3155 669 3202 suum
688 3132 823 3208 victum
839 3130 981 3230 esseffi).

573 3301 778 3372 Secunda
806 3304 976 3394 regula.

377 3438 544 3510 Vocativi
578 3441 753 3510 secundae
784 3463 958 3531 personae
987 3454 1023 3508 et
1049 3438 1272 3532 imperativis

272 3557 561 3640 praeponuntur.
618 3542 891 3636 Nonnunquam
920 3542 1029 3612 etiam
1055 3543 1132 3625 sine
1161 3543 1271 3613 verbo

273 3649 483 3721 inseruntur
507 3644 733 3732 orationil‘l).

594 3803 949 3907 Tertia‘regula.

377 3954 537 4026 Verbum
561 3954 702 4024 finitum
717 3954 879 4049 sequitur
894 3955 1089 4049 aliquando
1105 3956 1271 4027 nomina-

275 4060 393 4142 tivus,
417 4058 511 4154 ut²⁷)
535 4058 573 4125 in
591 4057 709 4127 verbis
726 4070 901 4149 gestuum.
954 4058 1099 4128 Dormit
1116 4084 1270 4131 securus.

274 4159 425 4256 Bibuff)
447 4163 598 4231 ieiunus.
649 4156 690 4248 lt·
705 4161 863 4230 cubitum
882 4161 1102 4234 incoenatus.
1153 4163 1271 4255 Virgi-

274 4266 345 4336 lius
364 4257 471 4356 [Aen.
487 4262 545 4348 lll,
557 4262 634 4337 624
646 4259 734 4362 sq.]:
770 4264 892 4334 Medio
908 4266 1097 4359 resupinus
1111 4252 1150 4335 in
1164 4279 1270 4336 antro

274 4366 529 4465 Frangeret2’)
545 4369 591 4435 ad
605 4391 744 4438 saxum.

277 4562 485 4577 μῦον-,-

310 4673 361 4734 33)
377 4687 440 4727 cun
458 4699 492 4710 -
508 4675 644 4735 canstat]
662 4676 712 4726 111.
733 4676 826 4729 tntu:
851 4677 913 4729 abre
931 4678 1025 4729 Verbo
1041 4691 1077 4728 ex
1093 4678 1163 4731 rotie
1181 4680 1271 4731 numl-

345 4743 428 4796 uibur
442 4744 565 4795 comat.

311 4829 361 4890 28)
379 4825 478 4895 verba]
498 4828 575 4878 deest
595 4828 623 4879 iu
643 4830 691 4880 Ed.
712 4831 789 4883 1539.

308 4915 498 5035 quflqptqqter
514 4910 615 4980 arten]
634 4914 677 4965 stc
695 4916 747 4970 Ed.
767 4915 859 4981 1539.;
883 4916 969 4967 aaut.
991 4917 1078 4982 1535,
1099 4919 1176 4971 teta.
1193 4922 1271 4972 artes

385 4998 401 5034 e
466 5010 474 5034 .

311 5069 365 5128 35)
382 5070 516 5120 115111-
532 5069 635 5120 victum
652 5074 722 5133 est]
741 5073 838 5123 horum
855 5073 916 5125 loeo
936 5074 1015 5125 111511
1032 5074 1082 5124 Ed.
1098 5075 1191 5126 15391
1214 5076 1272 5128 Do·

349 5138 390 5187 let
406 5138 519 5202 Turde,
543 5141 614 5203 quod
632 5142 666 5191 ab
685 5141 827 5192 castulone
846 5143 999 5193 Viennensi
1017 5142 1220 5209 repatriaret,
1244 5146 1273 5196 11

348 5208 409 5272 eet,
433 5219 467 5256 ee
483 5208 613 5270 repulsos
631 5222 703 5260 esse.
959 5205 968 5225 ³

311 5293 362 5353 31)
380 5290 524 5360 oratione]
551 5286 699 5348 1111539.
723 5296 860 5362 orattoul,
885 5299 932 5359 ut,
957 5297 1096 5363 voratae,
1118 5301 1147 5351 et
1165 5305 1273 5352 vosmet

347 5365 435 5413 rebus
448 5367 564 5415 servate
582 5366 721 5418 secundia.

312 5444 493 5508 37)ιι1]111.
513 5447 588 5500 1539.
608 5449 754 5512 praecipua

312 5529 362 5592 ²⁸)
379 5530 459 5602 uuo]
477 5534 528 5586 111.
549 5534 627 5586 teas.
644 5534 709 5585 ntae

313 5612 362 5674 39)
380 5614 551 5684 Frangeret]
573 5617 622 5667 ltu.
645 5617 719 5668 1539.
738 5617 881 5682 Frangere

279 5697 466 5766 1111111111.
487 5701 594 5766 Oeen
641 5702 726 5766 Ver..
741 5701 815 5764 1111

902 365 1057 502 'aequ
1116 394 1241 470 nun.
1276 392 1669 473 transvorans.

2239 398 2316 473 354

1633 570 1810 661 Quarta
1836 570 2005 659 regula.

1423 703 1542 773 Verba
1564 705 1785 775 substantiva
1802 696 2040 797 praecedunt,
2063 717 2098 774 et
2116 718 2316 799 sequuntur

1291 857 1294 864 .
1319 806 1548 887 nominativi.
1598 807 1689 878 Sunt
1708 816 1827 877 autem
1845 806 2087 891 substantiva,
2114 808 2220 891 Sum,
2245 807 2315 876 Fo-

1318 931 1417 993 rem,
1442 907 1528 992 Pio,
1553 907 1697 994 Existo,
1723 912 1822 1004 quod
1836 911 2085 994 substantiam,
2110 934 2186 979 non
2203 912 2317 979 actio-

1317 1033 1402 1078 nem
1418 1008 1631 1102 signibcant,
1648 1027 1688 1081 ut
1699 1039 1706 1079 :
1718 1088 1720 1091 .
1734 1012 1866 1081 Manus
1883 1025 2028 1082 nostrae
2041 1027 2126 1083 sunt
2140 1013 2316 1099 oculatae,

1320 1114 1469 1182 credunt
1487 1117 1585 1207 quod
1605 1114 1739 1184 vident.
1761 1115 1915 1206 [Gellius
1932 1114 1977 1200 V,
1993 1118 2064 1209 2.:]
2096 1113 2220 1209 Equus
2234 1117 2316 1186 Ale-

1318 1215 1448 1284 xandri
1463 1229 1498 1284 et
1513 1217 1628 1308 capite
1644 1230 1678 1286 et
1693 1218 1841 1285 nomine
1855 1213 2083 1309 Bucephalus
2098 1219 2176 1289 fuit'.
2202 1217 2315 1288 Fama

1319 1331 1372 1389 est
1385 1318 1536 1391 malum.
1587 1318 1728 1387 Humor
1745 1333 1798 1389 est
1815 1320 1917 1389 dulce
1934 1320 2032 1390 satis.

1420 1419 1515 1493 Nam
1539 1415 1609 1490 hoc
1631 1424 1741 1490 modo
1765 1446 1807 1489 ex
1832 1421 2014 1492 adiectivis
2033 1423 2125 1492 fiunt
2152 1424 2315 1494 substan·
2373 1489 2382 1496 .

1318 1536 1391 1592 trva
1417 1547 1547 1613 genere
1568 1538 1718 1603 neutro;
1745 1525 1807 1594 scd
1829 1520 1889 1592 bic
1912 1526 2083 1593 monendi
2102 1539 2185 1594 suut
2200 1526 2316 1618 pueri,

1317 1623 1468 1697 Latinos
1490 1650 1595 1719 saepe
1619 1624 1806 1720 Euipsiv)
1827 1624 1901 1710 uti,
1941 1626 2073 1697 omisso
2097 1628 2208 1696 verbo
2232 1629 2315 1698 sub·

1318 1729 1487 1801 stantivo.

1421 1829 1469 1901 Et
1490 1830 1725 1922 nuncupandi
1745 1831 1874 1913 verba,
1908 1844 1966 1900 ut:
2007 1830 2180 1923 Princeps
2205 1829 2320 1904 Saxo.

1318 1958 1401 2003 ntae
1425 1946 1575 2003 vocatur
1597 1936 1796 2025 praefectus
1823 1932 2021 2025 praetorio.
2082 1933 2232 2004 Carolus
2255 1934 2316 2003 de·

1318 2037 1477 2128 signatus
1504 2049 1555 2107 est
1576 2036 1766 2107 Romanus
1788 2032 2003 2129 imperator.
2054 2032 2116 2105 llle
2140 2037 2316 2106 salutatur

1319 2141 1456 2211 doctor.

1422 2241 1601 2312 Graecum
1618 2254 1689 2324 est,
1715 2241 1782 2309 Hic
1798 2240 1895 2333 cupit
1910 2240 2091 2335 audire⁸¹)
2115 2236 2315 2332 theologus,

1319 2343 1356 2412 id
1373 2355 1444 2426 est,
1469 2344 1551 2413 dici.

1422 2443 1491 2513 Sed
1506 2442 1565 2513 bic
1581 2445 1771 2513 observent
1785 2444 1888 2534 pueri
1902 2444 2075 2513 formulas
2089 2445 2316 2516 nominandi.

1319 2544 1455 2617 Dicunt
1479 2546 1576 2615 enim
1602 2545 1722 2613 Latini
1748 2544 1919 2643 varieffl).
1979 2544 2045 2616 Est
2068 2541 2160 2614 mihi
2182 2570 2317 2615 nomen

1319 2649 1563 2740 Pomponius,
1590 2650 1686 2741 apud
1704 2647 1928 2720 Terentium.
1971 2646 2041 2733 Et,
2066 2646 2131 2718 Est
2146 2645 2236 2717 mihi
2251 2672 2318 2717 no·

1321 2776 1404 2821 rnen
1427 2751 1643 2843 Pomponii,
1678 2752 1774 2842 apud
1798 2752 1981 2823 Plautum.
2037 2748 2103 2834 Et,
2136 2749 2200 2821 Est
2227 2746 2317 2819 mibi

1320 2877 1456 2924 nomen
1477 2852 1698 2945 Pomponio.
1766 2854 1846 2946 Qua
1867 2853 2024 2924 formula
2046 2852 2203 2924 maxime
2225 2853 2318 2923 dele-

1322 2969 1464 3027 ctantur
1484 2957 1627 3027 eruditi.
1679 2955 1792 3026 Vetus
1811 2969 1882 3040 est,
1907 2955 2086 3027 Fecerunt
2108 2956 2161 3024 illi
2183 2979 2317 3025 nornen

1320 3061 1536 3144 Ascanium,
1559 3060 1656 3152 apud
1671 3057 1814 3129 Livium
1841 3057 1966 3152 [1,1.].

1682 3227 1745 3298 De
1769 3227 1960 3320 Figuris.

1425 3365 1655 3441 Nominativi
1688 3389 1768 3457 cum
1803 3365 1914 3433 verbo
1951 3363 2114 3463 111111οῧ)
2152 3376 2319 3458 syntaxcs

1324 3469 1549 3541 tradidimus.
1590 3469 1808 3562 Priusquam
1826 3479 1947 3537 autem
1963 3469 2206 3551 ostendamus,
2229 3493 2319 3562 quo·

1324 3573 1434 3642 modo
1461 3572 1600 3667 obliqui
1618 3597 1698 3643 cum
1719 3569 1837 3642 verbis
1858 3566 2094 3654 cohaereant,
2120 3570 2320 3642 recensebi-
2366 3571 2368 3575 ’

1325 3701 1405 3747 mus
1421 3678 1553 3768 figuras
1568 3673 1862 3758 constructionis,
1890 3696 1979 3768 quas
1991 3673 2041 3743 ita
2058 3687 2208 3757 vocant,
2236 3698 2319 3744 cum

1324 3778 1371 3848 ab
1393 3779 1559 3870 analogia
1582 3791 1617 3849 et
1640 3777 1823 3849 communi
1844 3778 1966 3867 regula
1982 3776 2269 3869 denominativo
2284 3787 2320 3845 et

1324 3883 1434 3952 verbo
1461 3881 1649 3952 brevitatis
1674 3905 1778 3952 eausa
1803 3880 1963 3952 discessit
1984 3880 2228 3962 consuetudo,
2260 3891 2319 3948 ut:

1322 3981 1402 4075 Ego
1427 3997 1463 4054 et
1483 4010 1583 4054 meus
1604 3985 1770 4055 minister
1789 4007 1944 4076 propere
1959 3984 2203 4067 adcurrimus,
2229 3981 2320 4051 belle

1323 4087 1454 4158 dicitur
1477 4100 1603 4157 contra
1631 4087 1849 4179 analogiam.
1899 4087 1939 4156 Si
1960 4086 2167 4178 analogiam
2193 4108 2320 4178 sequa-

1322 4189 1394 4274 ris,
1419 4202 1473 4260 est
1489 4191 1613 4260 odiosa
1634 4188 1820 4282 repetitio:
1854 4187 1932 4280 Ego
1953 4191 2127 4272 adcurro,
2153 4199 2189 4256 et
2212 4185 2320 4254 mini-

1321 4303 1395 4364 ster
1410 4292 1582 4364 adcurrit.
1670 4302 1672 4307 ’

1523 4455 1783 4552 Σύνθεσις,
1816 4439 2119 4550 Compositio.
2230 4493 2233 4498 ·

1425 4591 1609 4690 Synthesis
1630 4610 1702 4682 est,
1727 4621 1807 4666 cum
1829 4594 1970 4666 nomini
1991 4590 2232 4663 multitudinis
2247 4591 2320 4663 sin·
2352 4590 2357 4596 ’

1324 4700 1440 4791 gulari
1467 4702 1662 4792 respondet
1689 4700 1839 4769 verbum
1861 4696 2013 4789 plurale.
2070 4692 2169 4770 Nam
2197 4696 2242 4765 ad
2265 4696 2320 4763 in·

1323 4802 1503 4873 tellectum
1525 4804 1679 4874 refertur
1696 4795 1938 4886 constructio,
1961 4812 2018 4871 ut:
2053 4799 2177 4869 Turba
2197 4812 2320 4870 ruunt.

1324 4904 1421 4977 Gens
1443 4907 1585 4978 armati.
1613 4897 1978 5008 [Curt.1fl‚5,14.]:
2011 4901 2085 4972 Pro
2108 4926 2147 4973 se
2168 4901 2319 4995 quisque

1325 5010 1464 5100 precari
1480 5022 1687 5102 coeperunt.
1707 5006 1825 5110 [Virg.
1836 5006 1927 5080 Aen.
1936 5000 2131 5106 vl,tta.]:
2159 5003 2320 5098 Quisque

1324 5135 1407 5182 suos
1443 5111 1604 5204 patimur
1636 5137 1772 5185 manes.
1804 5108 1929 5210 [ldem
1954 5110 2089 5204 Georg.
2109 5105 2171 5194 lV,
2192 5102 2320 5206 578.]:

1359 5366 1407 5424 30)
1425 5359 1539 5429 11111111]
1557 5362 1609 5412 Ed.
1628 5358 1826 5422 153911111ρεί

1359 5452 1408 5509 31)
1426 5449 1537 5508 audire]
1554 5448 1604 5498 Ed.
1625 5446 1701 5498 1539.
1717 5444 1808 5497 court

1360 5536 1411 5595 33)
1430 5533 1532 5595 varie]
1550 5534 1600 5582 ut.
1621 5532 1695 5583 1539.
1712 5535 1801 5584 nale:
1824 5529 1932 5586 111133.

1361 5621 1410 5680 33)
1428 5632 1488 5672 curn
1505 5620 1591 5671 verbo
1608 5618 1700 5679 tulto]
1718 5618 1770 5668 Ed.
1791 5618 1867 5670 1539.
1884 5621 1912 5667 et
1928 5613 2008 5669 verbi
2025 5611 2097 5667 111111

1748 5691 1799 5760 25
