5125 6525
261 489 337 566 870

262 673 359 732 reste
375 660 519 730 vivendi
537 673 571 730 et
586 659 738 729 invitato
756 658 879 728 animo
894 658 1032 750 puellae
1047 670 1167 749 postea
1188 653 1253 726 ho·

263 764 397 835 uestius
418 776 452 832 et
474 762 603 833 certius
624 761 760 832 ambire
778 761 927 853 possint.
979 760 1079 853 Papa
1100 762 1255 829 damna·

264 867 315 935 vit
349 860 515 947 choreas,
561 865 645 958 quia
679 862 902 935 adversarius
935 863 1004 933 luit
1031 863 1253 954 nuptiarum.

264 968 334 1037 Sed
353 969 511 1037 modeste
526 968 615 1035 fiant
638 966 759 1036 omnia
784 967 830 1035 ob
856 961 949 1034 hanc
973 989 1129 1037 causam.
1180 964 1254 1033 Vo-

264 1068 444 1165 eenturffi)
466 1065 608 1139 honesti
630 1070 699 1137 viri
722 1082 757 1138 et
780 1080 988 1151 matronae,
1029 1093 1121 1162 quae
1142 1067 1254 1136 inter·

265 1196 337 1244 esse
353 1168 493 1243 choreis
506 1174 655 1255 debent,
681 1183 721 1242 ut
738 1167 920 1242 honestius
941 1171 1061 1239 omnia
1080 1172 1179 1240 fiant.

473 1339 573 1410 CCX.
606 1334 670 1408 De
697 1352 821 1409 terra
850 1338 1047 1409 Lemnia.

367 1475 431 1545 Est
448 1474 621 1545 mirabilis
642 1488 770 1544 natura
793 1488 909 1544 terrae
923 1472 1109 1542 Lemniae.
1160 1471 1253 1543 Nam

172 1645 176 1650 .
263 1574 494 1647 Dioscorides
509 1576 650 1668 scripsit
665 1572 864 1647 humanum
887 1576 1096 1663 sanguinem
1115 1573 1254 1644 misceri

263 1693 383 1749 terrae
399 1677 592 1761 Lemniae,
619 1680 719 1748 cuius
738 1674 888 1748 remedii
911 1702 1061 1769 magnus
1085 1701 1168 1747 usus
1193 1689 1254 1747 est.

266 1781 388 1874 Quare
404 1780 561 1850 Galenus
583 1781 658 1871 ipse
679 1803 719 1849 ea
742 1782 819 1850 loca
848 1780 955 1864 adiit,
989 1794 1029 1850 ut
1052 1779 1254 1871 exploraret

266 1896 373 1966 certe,
390 1883 576 1977 quomodo
587 1882 845 1980 appareturffl),
863 1882 1109 1976 comperitque
1124 1894 1252 1952 natura

266 1986 381 2058 solum
399 2008 474 2056 esse
498 1986 715 2056 metallicum
737 1987 811 2057 sive
834 1987 986 2056 mixtum
1008 1981 1147 2054 hircino
1173 2008 1254 2055 sau·

266 2090 384 2180 guiue.
451 2085 515 2160 Est
538 2099 656 2158 autem
680 2084 787 2158 hodie
809 2089 847 2158 in
869 2102 971 2159 tanto
993 2113 1060 2159 usu
1082 2100 1255 2181 tantaque

266 2190 506 2261 admiratione
522 2193 619 2281 apud
636 2187 797 2263 Thraces
820 2204 854 2261 et
868 2192 1045 2275 Graecos,
1071 2203 1112 2260 ut
1133 2203 1254 2283 tyran·

186 2336 190 2347 ·
266 2318 334 2365 nus
354 2291 505 2364 Iurritus
519 2294 645 2384 legatis
665 2307 797 2364 terram
820 2293 1008 2365 Lemniam
1033 2294 1128 2363 iuter
1149 2316 1254 2384 pecu·

265 2396 369 2465 liatia
386 2397 480 2465 dona
500 2399 585 2466 dare
600 2397 724 2467 soleat.

369 2528 486 2601 CCXI.
526 2528 602 2599 Rex
622 2525 828 2621 Alphonsus
849 2530 917 2600 fuit
939 2527 1050 2601 homo
1072 2532 1197 2601 doctus
1220 2544 1255 2601 et

264 2635 433 2725 prudens.
507 2631 600 2703 Huic
627 2657 707 2701 cum
738 2633 933 2727 aliquando
963 2635 1166 2706 nuntiatum
1201 2659 1254 2706 es·

264 2749 335 2819 set,
361 2738 535 2833 quosdam
553 2759 573 2803 a
590 2760 626 2805 se
645 2736 831 2819 deiecisse,
855 2735 893 2804 iu
911 2762 1002 2831 quos
1017 2737 1130 2807 multa
1147 2738 1254 2807 bene·

263 2837 342 2906 licia
378 2838 596 2920 contulerat,
645 2837 803 2928 primum
838 2840 883 2906 ad
918 2838 1009 2907 iram
1041 2852 1255 2925 commotus,

264 2952 387 3032 postea
405 2940 565 3009 animum
580 2939 755 3031 recipiens
771 2939 876 3008 dixit:
903 2938 980 3010 ach
995 2942 1082 3036 quid
1104 2965 1169 3033 ego
1184 2941 1255 3014 illis

265 3039 427 3112 irascor?
466 3042 620 3111 maxima
646 3044 807 3136 adeoque
834 3042 971 3113 infinita
996 3041 1065 3113 Dei
1085 3044 1255 3114 beneficia

264 3144 303 3212 in
335 3170 392 3213 me
423 3156 609 3227 constant,
643 3145 699 3214 cui
722 3169 788 3236 ego
815 3156 936 3214 tamen
963 3171 1041 3217 sum
1075 3146 1253 3239 ingratus;

265 3271 339 3317 uon
362 3246 471 3339 igitur
496 3247 627 3318 mirum
651 3261 721 3331 est,
763 3248 792 3318 si
815 3260 849 3317 et
868 3243 907 3317 hi
925 3273 1055 3341 parum
1076 3274 1255 3322 memores

264 3365 347 3422 sunt
365 3349 640 3436 beneficiorum,
666 3351 795 3445 quibus
811 3351 891 3423 illos
909 3352 1022 3424 affeci.

347 3520 481 3595 CCXII.
519 3520 743 3612 Lepidum
772 3522 942 3594 dictum
971 3524 1171 3596 alicuius

652 3624 870 3695 tibicinis.
1027 3628 1065 3683 ³?-

366 3755 598 3826 Ptolomaeus
621 3780 684 3825 rex
709 3754 891 3826 tibicinem
915 3757 1044 3827 fidibus
1065 3773 1252 3830 canentem

263 3854 566 3951 reprehendebat,
596 3857 654 3928 cui
678 3857 808 3926 tibicen
830 3860 1032 3950 respoudit:
1068 3859 1178 3931 Aliud
1201 3874 1253 3932 est

262 3971 464 4051 sceptrum,
504 3958 602 4029 aliud
638 3959 833 4053 plectrum,
868 3961 1029 4033 iudicans
1062 3987 1181 4054 regem
1218 3976 1254 4034 et

264 4086 390 4134 omnes
406 4061 496 4134 alios
509 4061 646 4146 dicere,
671 4076 712 4132 ut
732 4063 787 4134 sui
811 4065 971 4136 muueris
993 4079 1028 4134 et
1051 4066 1158 4136 oflicii
1179 4091 1253 4136 me-

263 4188 363 4250 mor,
396 4188 471 4235 nou
497 4166 542 4234 de
572 4163 650 4236 aliis
675 4164 781 4237 rebus
802 4167 972 4240 sollicitus
995 4168 1061 4253 sit,
1097 4194 1251 4265 quarum

263 4293 338 4339 nou
355 4263 486 4339 habeat
502 4268 756 4360 coguitionem.

263 4435 412 4509 CCXIII.
449 4436 739 4507 Horrendum
768 4436 950 4508 lacinus
977 4438 1250 4528 magicarum

226 4547 229 4556 ‘
263 4540 505 4610 mulierum
533 4541 579 4607 in
606 4564 721 4630 pago
750 4543 942 4633 quodam
968 4563 1057 4610 nou
1092 4541 1252 4631 procul

615 4640 899 4714 aBeroliuo.

365 4774 495 4844 Amisit
517 4775 671 4847 rusticus
689 4779 902 4869 puerulum,
926 4803 1032 4874 quem
1059 4780 1152 4849 sorte
1170 4803 1250 4849 cum

263 4889 470 4972 quaereret,
496 4877 594 4947 venit
608 4879 645 4947 in
658 4882 762 4950 aedes
779 4880 907 4966 vicini,
933 4881 997 4951 ubi
1012 4880 1126 4954 filium
1143 4881 1252 4953 inter·

262 4983 393 5051 lectum
418 4992 452 5048 et
472 4980 690 5051 excoriatum
715 4983 863 5054 invenit.
915 4980 971 5053 Ira
992 4985 1113 5080 itaque
1138 4985 1251 5078 perci·

261 5095 319 5155 tus
341 5081 495 5174 magicas
521 5084 688 5155 mulieres
711 5087 799 5156 duas
820 5085 1044 5178 aggreditur,
1077 5110 1251 5157 convoca·
1323 5160 1325 5164 ,

260 5182 376 5278 tisque
405 5183 545 5255 rusticis
573 5186 713 5279 quaerit
741 5183 847 5259 huius
878 5182 1063 5258 homicidii
1095 5212 1251 5274 causam,

260 5310 324 5360 cur
340 5310 492 5381 puerum
507 5310 612 5358 suum
628 5287 891 5376 interfecerint,
919 5316 1000 5364 cum
1017 5315 1137 5387 neque
1156 5316 1176 5362 a
1201 5317 1250 5376 se,

259 5414 376 5487 neque
396 5416 416 5459 a
441 5389 592 5482 coniuge
614 5389 745 5482 ipsius,
778 5418 895 5489 neque
918 5393 1033 5463 atilio
1056 5395 1172 5465 laesae
1198 5419 1249 5466 es·

259 5532 379 5547 ..n-0-..
384 5538 389 5544 .
394 5536 465 5545 *-

294 5605 343 5669 06)
362 5610 520 5671 Vocantur]
539 5611 624 5666 cod:
649 5612 794 5663 Vocantur

294 5692 343 5758 8ὖ)
360 5699 536 5764 *ltmlssfsl
555 5697 641 5750 cod:
665 5698 816 5762 quiscur,

882 484 1004 559 PHIL.
1030 484 1144 558 MEL.
1172 483 1376 557 SCRIPTA
1400 469 1675 622 HISW

2218 477 2300 553 680

1305 666 1395 725 sent.
1454 654 1694 746 ‘Respondent
1724 651 1882 743 magicae
1910 651 2096 735 mulieres,
2125 675 2162 722 se
2186 651 2299 723 aliam

1307 757 1353 826 oh
1377 755 1576 849 causam⁸⁷)
1598 781 1749 849 puerum
1774 754 1963 836 occidisse,
2004 777 2134 846 nempe
2159 766 2200 825 ut
2222 779 2299 824 car-

1306 882 1388 927 uem
1419 858 1493 931 eius
1520 871 1716 953 coquerent
1746 859 1792 927 ad
1817 859 1974 926 formam
1996 856 2169 950 ignitam,
2198 861 2299 953 quod

1306 960 1337 1031 si
1364 961 1591 1051 processisset
1612 961 1688 1033 sine
1711 961 1991 1053 impedimento,
2017 961 2109 1032 sicut
2122 961 2298 1033 decrevis-

1307 1059 1459 1157 senff),
1490 1088 1526 1134 se
1552 1063 1738 1135 effecturas
1760 1064 1906 1154 glaciem
1934 1065 1978 1133 ad
2001 1065 2204 1154 perdendas
2224 1065 2299 1136 fru-

1307 1189 1378 1257 ges.
1424 1165 1521 1235 Haec
1534 1191 1609 1236 non
1626 1179 1711 1238 sunt
1725 1162 1905 1252 humana,
1924 1169 1985 1237 sed
2001 1167 2178 1238 diabolica
2190 1166 2298 1240 lacta.

1265 1327 1267 1331 .
1306 1265 1359 1337 Ita
1376 1265 1571 1352 Diabolus,
1596 1283 1786 1365 postquam
1804 1269 1941 1360 Spiritu
1963 1269 2144 1368 sancto⁸⁰>
2165 1275 2299 1342 eiectus

1308 1382 1372 1454 est,
1399 1383 1596 1454 creaturam
1615 1373 1653 1442 in
1668 1373 1769 1443 vivos
1778 1371 1951 1445 Diabolus
1966 1388 2174 1448 commutat.
2205 1374 2300 1443 Pro·

1307 1484 1429 1564 pterea
1447 1474 1637 1565 diligenter
1661 1477 1840 1545 orandum
1865 1489 1934 1561 est,
1967 1490 2008 1548 ut
2030 1503 2097 1549 nos
2112 1477 2210 1550 Deus
2232 1501 2298 1549 suo

1308 1574 1444 1666 Spiritu
1461 1575 1641 1673 sancto*)
1657 1590 1778 1669 regat,
1804 1579 1888 1673 quia
1916 1592 1979 1650 aut
1999 1575 2108 1651 homo
2130 1595 2182 1653 cst
2208 1594 2299 1652 tem-

1308 1678 1405 1768 plum
1422 1676 1510 1763 Dei,
1536 1694 1599 1750 aut
1615 1680 1836 1753 domicilium
1853 1682 2019 1754 Satanae.

1480 1848 1648 1922 ocum.
1687 1851 1838 1922 Poena
1865 1848 2120 1925 homicida.
2236 1819 2243 1831 '

1409 1987 1565 2080 Quidam
1596 1989 1714 2059 viator
1741 1991 1834 2059 forte
1861 1989 2036 2060 inciderat
2065 1990 2103 2059 in
2126 1990 2299 2075 latrones,

1307 2102 1343 2159 ct
1366 2114 1447 2160 cum
1474 2092 1519 2160 ab
1542 2092 1628 2184 ipsis
1651 2092 1892 2177 occideretur,
1919 2093 2010 2163 vidit
2029 2094 2299 2184 praetervolare

1308 2191 1487 2276 cornices,
1512 2185 1662 2289 adquae
1679 2196 1826 2265 clamat:
1856 2195 2009 2277 Precor,
2032 2210 2073 2265 ut
2096 2195 2172 2267 sitis
2195 2220 2299 2266 meae

1307 2294 1403 2366 necis
1427 2295 1582 2369 ultrices.
1635 2297 1761 2368 'l'ertio
1782 2297 1839 2368 die
1864 2311 1945 2389 post
1965 2299 2115 2369 veniunt
2139 2299 2298 2370 latrones

1307 2397 1346 2465 iu
1368 2398 1514 2483 urbem,
1542 2413 1577 2469 et
1594 2426 1674 2471 cum
1701 2425 1830 2492 magna
1849 2403 2032 2472 cornicum
2055 2400 2158 2492 copia
2179 2403 2299 2486 aedes,

1307 2499 1346 2568 in
1363 2524 1452 2596 quas
1473 2500 1743 2594 ingrediuntur,
1769 2517 1979 2596 occuparet,
2005 2506 2096 2574 forte
2122 2527 2213 2576 unus
2236 2530 2298 2574 eo·

1307 2627 1387 2673 rum
1411 2604 1516 2674 dixit:
1556 2604 1630 2676 lam
1655 2608 1805 2678 veniunt
1826 2609 1984 2678 cornices
2009 2608 2149 2678 ulturae
2171 2632 2297 2678 necem

1306 2703 1460 2802 lbici⁸⁹).
1510 2707 1568 2777 Sic
1582 2710 1676 2779 enim
1694 2723 1772 2780 erat
1790 2733 1923 2780 nomen
1942 2710 2091 2782 viatoris
2107 2710 2298 2781 interfecti.

1307 2810 1466 2880 Audiens
1492 2812 1646 2884 famulus
1675 2836 1809 2884 nomen
1829 2809 1991 2907 {bici⁰·)‚
2035 2814 2097 2909 qui
2119 2814 2187 2883 fuit
2209 2813 2298 2884 civis

1309 2911 1465 2982 eiusdem
1483 2913 1654 2999 civitatis,
1680 2918 1792 2986 desert
1813 2940 1889 2986 rem
1911 2918 1957 2985 ad
1972 2913 2121 2999 herum,
2144 2916 2207 3011 qui
2225 2928 2298 2986 sta·

1309 3013 1373 3082 tim
1392 3013 1531 3084 curavit
1553 3041 1613 3087 eos
1640 3014 1860 3111 deprehendi
1887 3020 1982 3089 etin
2007 3042 2183 3090 carcerem
2209 3042 2297 3087 con-

1308 3116 1386 3199 iici,
1408 3130 1443 3187 et
1458 3118 1602 3188 tandem
1621 3119 1730 3193 iustas
1751 3146 1886 3213 poenas
1907 3117 2089 3192 homicidii
2103 3121 2299 3191 dederunt.

1368 3303 1502 3376 CCXV.
1537 3304 1680 3377 Lusus
1706 3306 1929 3379 Hilarium
1954 3302 2046 3378 Phil.
2068 3305 2229 3402 Metu).

1395 3441 1497 3511 'Erat
1512 3437 1569 3511 hic
1586 3455 1709 3533 pastor
1724 3443 1891 3539 quidam,
1917 3443 1980 3538 qui
1995 3441 2034 3510 in
2049 3441 2143 3514 ludis
2158 3439 2298 3516 hilariis

1306 3567 1367 3614 seu
1381 3544 1636 3628 saturnalibus,
1662 3546 1857 3618 convivans
1873 3571 1953 3616 cum
1968 3545 2042 3617 suis
2058 3545 2174 3629 sociis,
2199 3541 2298 3617 hanc

1307 3646 1357 3718 eis
1373 3649 1617 3742 quaestionem
1642 3650 1847 3742 proposuit:
1876 3648 1999 3743 Quare
2024 3650 2130 3720 vultis
2149 3671 2296 3719 servare

1305 3749 1403 3821 lusus
1419 3749 1597 3820 Hilarium
1620 3763 1655 3819 et
1677 3775 1752 3821 nou
1778 3751 1885 3823 vultis
1911 3751 2067 3823 retinere
2093 3750 2295 3823 ieiunium?

1307 3850 1397 3923 Com
1431 3878 1518 3922 vero
1545 3877 1621 3922 non
1653 3867 1798 3945 possent
1824 3857 2061 3948 respondere,
2099 3853 2296 3946 obiurgans

1306 3977 1385 4038 eos,
1410 3953 1486 4049 ipse
1504 3956 1610 4025 talem
1634 3957 1792 4027 reddidit
1812 3957 2008 4028 rationem:
2043 3955 2220 4028 Ieiunium
2243 3970 2297 4028 est

1306 4058 1508 4128 observatio
1533 4058 1776 4152 superstitiosa
1795 4063 1955 4133 cultuum
1978 4084 2052 4130 non
2076 4059 2297 4131 necessario·

1305 4184 1408 4244 rum,
1437 4184 1521 4252 ergo
1537 4161 1773 4244 abolendum;
1798 4164 1866 4235 ista
1891 4163 2064 4235 relaxatio
2087 4161 2295 4249 animorum

1306 4276 1357 4334 est
1371 4266 1592 4335 consuetudo
1607 4264 1750 4357 politica
1766 4264 1843 4337 siue
1858 4266 2052 4358 impietate,
2077 4289 2161 4358 ergo
2174 4276 2295 4357 potest

1306 4366 1465 4438 retineri.
1523 4366 1620 4436 Haec
1644 4380 1697 4438 est
1717 4369 1856 4439 erudita
1882 4367 2061 4439 distinctio
2084 4379 2226 4460 sumpta
2252 4391 2296 4435 ex

1305 4469 1454 4542 diversis
1467 4468 1667 4560 generibus.

1386 4636 1538 4709 CCXVI.
1575 4638 1637 4709 De
1662 4639 2007 4730 ingratitudine
2035 4641 2211 4733 punita.

1405 4773 1594 4865 hhlegavit
1609 4776 1804 4871 aliquando
1821 4772 2023 4871 Philippus,
2042 4801 2106 4848 rex
2125 4776 2297 4846 Macedo-

1305 4902 1405 4962 num,
1422 4876 1625 4950 ministrum
1641 4902 1802 4972 peregre,
1818 4882 1880 4976 qui
1895 4906 1974 4951 cum
1993 4890 2200 4971 tempestate
2213 4903 2296 4948 ma·

1304 4981 1354 5051 ris
1380 4981 1427 5049 ad
1448 4977 1565 5050 vicum
1588 4984 1766 5075 quendam
1793 4985 1952 5076 appulit,
1992 4985 2088 5076 apud
2118 4980 2298 5053 rusticum

1336 5217 1386 5283 87)
1404 5219 1487 5271 suu
1505 5220 1539 5272 ot
1557 5221 1683 5282 mum]
1701 5222 1785 5274 coda
1808 5221 1881 5272 xttss
1899 5224 1933 5273 ct
1949 5232 2062 5273 cassu
2081 5221 2186 5272 sollu
2211 5220 2297 5280 (trec

1373 5300 1426 5340 vox
1451 5285 1606 5352 „uoltu”
1630 5291 1778 5349 ‚obtttersts
1801 5292 1929 5356 quiden,
1967 5291 2067 5343 rouro
2092 5302 2160 5340 vero
2186 5287 2302 5355 puers

1372 5357 1555 5420 subscriptts,
1581 5361 1710 5423 troque·
1727 5370 1783 5409 nou
1801 5360 1933 5425 delenda,
1957 5360 2068 5426 stgncta
2086 5361 2165 5419 est).

1336 5442 1386 5500 ὦ)
1405 5441 1616 5511 decrevissent]
1635 5444 1719 5498 cod:
1743 5446 1936 5512 decreverant,

1274 5594 1278 5607 Ι
1336 5526 1385 5593 et)
1404 5529 1508 5592 sptrtto
1526 5529 1636 5599 uncto]
1656 5532 1722 5582 cod.
1742 5534 1858 5597 utroque
1877 5535 1954 5587 loco:
1977 5537 2029 5585 88.

1334 5612 1384 5680 Ἀ)
1402 5613 1482 5674 tbtct]
1500 5614 1567 5666 ced.
1587 5618 1704 5680 utraqu
1721 5619 1801 5671 locos
1825 5619 1906 5670 lbtcts

1333 5702 1384 5760 91)
1403 5700 1471 5754 ml.
1492 5702 1573 5762 Uet]
1591 5703 1673 5756 cot:
1695 5719 1718 5770 φ
1736 5707 1764 5753 Μ
