5125 6525
263 4850 274 4869 .
391 4796 645 4872 florentissimo
667 4817 741 4874 tum
768 4803 960 4890 Hiericho,
994 4832 1067 4877 non
1092 4810 1217 4900 procul
1240 4812 1323 4882 inde
1345 4814 1383 4881 iu

403 485 479 558 199
1029 480 1390 554 ΑΒΒΙΤΑΜΕΝΤΑ
1413 479 1482 551 ΑΙ)
1507 478 1650 552 vom..
1675 476 1745 547 l-
1760 477 1802 552 X.
2383 477 2444 558 101

401 656 441 726 in
464 654 574 726 sacris
602 651 759 724 historiis
781 652 1019 746 inquirimus,
1052 654 1110 734 lit,
1143 665 1262 723 utres
1285 652 1394 743 ipsas,
1547 651 1594 721 Et
1609 675 1690 720 curn
1705 654 1942 724 transeundus
1957 666 2048 725 esset
2061 652 2204 724 fluvius
2217 664 2367 736 tantm,
2387 655 2440 726 ins·

402 782 495 852 qnae
523 756 573 824 ibi
603 768 877 847 proponuntur,
910 756 1042 825 rectius
1065 756 1326 845 intelligamus,
1359 766 1394 823 et
1443 767 1479 822 ta
1495 753 1668 844 oppidum
1687 753 1947 844 amplissimum
1965 755 2329 826 etmuniti'ssimum
2348 755 2439 828 111εὴ-

402 885 524 930 earum
553 858 802 948 magnitudine
835 861 949 947 magis
977 858 1186 928 afficiamur.
1251 855 1394 926 Habent
1445 852 1533 938 cho,
1557 854 1758 951 situm¹)in
1775 856 1910 946 optime
1925 860 2017 927 culta
2035 860 2147 943 valle,
2181 871 2224 927 et
2241 860 2437 953 frequentis

401 963 496 1032 enim
514 957 583 1029 hoc
601 960 780 1051 peculiare
793 959 900 1041 Loci,
927 960 1139 1051 Temporis,
1167 971 1202 1028 et
1214 959 1305 1027 aliae
1327 959 1393 1028 cir·
1444 958 1534 1028 sime
1555 954 1735 1039 habitata,
1761 960 1889 1026 terreri
1904 973 2071 1050 poterant
2086 959 2311 1044 lsraeliese,
2339 975 2375 1032 et
2388 987 2438 1032 aaa

400 1065 655 1144 cumstantiae,
687 1075 728 1131 ut
748 1062 786 1130 in
805 1062 905 1129 omni
922 1058 1153 1133 historiarum
1171 1062 1324 1129 lectione
1339 1084 1394 1129 re-
1446 1074 1565 1142 tuere,
1591 1084 1636 1128 ne
1663 1062 1872 1148 transgressi
1899 1066 2011 1146 vada,
2037 1087 2080 1132 ex
2104 1065 2232 1133 altera
2259 1065 2345 1155 ripa
2362 1066 2438 1136 ilovi

398 1171 467 1240 bus
481 1161 683 1249 adhibitae,
704 1187 765 1234 eas
780 1165 975 1248 illustrent,
1004 1177 1039 1234 et
1053 1166 1193 1233 animos
1207 1163 1395 1253 insigniter
1446 1164 1491 1230 ab
1508 1161 1634 1232 incolis
1656 1161 1731 1231 eius
1752 1161 1822 1230 loci
1845 1163 2386 1260 occurrentibusarcerentur,
2411 1194 2439 1239 ae

398 1280 648 1363 permoveant.
716 1266 808 1337 Nam
837 1279 878 1336 ut
903 1279 997 1336 recte
1024 1266 1114 1337 dixit
1138 1266 1310 1337 Horatius
1336 1263 1395 1364 [in
1446 1265 1724 1355 repellerentur,
1750 1267 1951 1336 autsaltem
1979 1269 2140 1339 tamdiu
2169 1270 2439 1361 impedirentur,

399 1371 516 1464 Epist.
536 1372 582 1438 ad
599 1370 748 1439 Pisones
769 1369 844 1440 180
859 1364 947 1464 sq.]:
1446 1370 1560 1436 donec
1592 1367 1631 1434 in
1664 1365 1876 1435 immensam
1910 1368 2137 1439 altitudinem
2177 1374 2359 1463 superius
2387 1376 2440 1443 eol·

1444 1469 1534 1538 lecta
1559 1481 1595 1537 et
1618 1481 1824 1537 coacervata
1848 1493 1941 1564 aqua
1964 1469 2150 1557 Iordanis,
2202 1499 2294 1543 cum
2326 1476 2441 1567 impetn

1446 1572 1606 1653 irruens,
1632 1571 1750 1641 subito
1774 1594 1898 1643 omnes
1920 1573 2015 1643 intra
2037 1577 2137 1668 ripas
2166 1575 2441 1670 comprehensos

1446 1675 1677 1764 extingueret.
2078 1709 2081 1718 ·
2150 1709 2155 1722 ·

1547 1774 1598 1843 lta
1624 1775 1694 1843 loci
1710 1776 1902 1866 descriptio
1918 1780 2220 1869 magnitudinem
2238 1783 2403 1854 miraculi
2416 1797 2444 1852 et

1445 1878 1589 1946 divinae
1609 1877 1780 1950 bonitatis
1802 1880 1915 1969 magis
1935 1883 2174 1975 conspicuam
2192 1888 2341 1956 reddit.
2389 1886 2445 1956 set

1446 1981 1553 2050 etiam
1579 1979 1754 2071 insignior
1776 1976 1835 2048 hic
1857 1982 1956 2053 locus
1978 1986 2032 2068 tit,
2072 1997 2162 2056 edm
2191 2005 2239 2056 ea
2265 1992 2445 2071 adduntur,

1446 2106 1537 2177 qnae
1559 2083 1692 2152 ibidem
1714 2082 1778 2152 diu
1799 2096 1880 2173 post
1903 2099 1998 2175 gesta
2023 2101 2123 2160 sunt.
2183 2090 2289 2161 Nam
2315 2093 2353 2160 in
2373 2093 2445 2162 ulte

1444 2187 1541 2254 riore
1566 2185 1643 2276 ripa
1667 2185 1725 2253 illa
1748 2184 1910 2257 iordanis
1933 2207 2055 2261 versus
2076 2193 2301 2277 desertum,
2337 2208 2445 2287 postea

1445 2301 1644 2357 extructum
1668 2289 1849 2358 castellum
1877 2287 2009 2360 dictu'm
2035 2305 2090 2362 est
2110 2291 2355 2381 Bethabara,
2387 2294 2447 2365 hos

470 2354 573 2470 ..sefi
595 2355 804 2470 cufflfimul
826 2355 903 2423 ¹⁰⁰³
928 2368 1196 2471 ¹⁰⁰⁰⁵i¹³¹¹b¹¹²²
1222 2354 1392 2423 ”bisam
1445 2403 1515 2473 est,
1548 2393 1677 2459 domus
1703 2390 1874 2460 transitus
1906 2414 1969 2462 seu
2001 2397 2265 2483 traiectionis,
2297 2400 2446 2470 fortassis

399 2456 461 2524 illa
479 2451 634 2525 exhtbila
650 2457 830 2539 d¹⁶¹¹¹¹l1112
851 2470 886 2525 ‘³²
901 2470 1041 2549 tempus
1056 2481 1155 2538 “mna
1180 2469 1288 2550 alque
1301 2460 1392 2526 “¹²⁰
1445 2505 1523 2561 orta
1549 2493 1790 2582 appellatione
1812 2493 1882 2561 loci
1907 2495 1951 2563 ab
1973 2491 2042 2565 hae
2060 2498 2144 2589 ipsa
2165 2503 2305 2593 populi
2318 2500 2445 2575 brasti-

400 2558 476 2644 di⁸⁸
498 2557 573 2647 ipse
596 2558 727 2628 mensis
751 2561 994 2677 ⁰⁰¹¹¹i¹¹³¹¹J¹r1
1010 2584 1081 2653 (1υο
1105 2583 1161 2628 ¹²⁵
1183 2573 1299 2676 35⁵¹&
1317 2584 1392 2628 εἷθ’
1443 2595 1504 2663 tici
1524 2595 1735 2664 miraculosa
1760 2597 2005 2682 traductione,
2039 2623 2117 2693 quo
2145 2603 2239 2673 loto
2265 2602 2444 2688 lohannes,

399 2662 548 2729 duntur:
577 2684 653 2728 non
666 2672 742 2730 tum
758 2685 825 2731 nos
841 2663 966 2730 audrre
984 2663 1127 2732 illarum
1142 2674 1389 2778 recrtatronem
1443 2696 1594 2766 Messiae
1617 2720 1848 2787 praecursor,
1882 2699 2080 2791 baptizavit
2112 2717 2198 2775 tum
2227 2709 2342 2793 alios,
2375 2722 2443 2778 tum

397 2774 587 2880 Rumw’
613 2766 673 2831 ⁵⁰¹¹
690 2763 995 2880 Picta⁵¹¹⁰bi⁸f⁶⁸
1012 2764 1391 2882 ¹¹¹⁰f¹⁵¹r³¹‚¹‚’‚vel‚p‘{‘
1443 2796 1623 2869 Christum
1649 2800 1756 2867 etiam
1781 2800 1920 2890 ipsum,
1954 2826 2060 2895 quem
2082 2802 2192 2878 haud
2219 2812 2333 2881 dubie
2345 2811 2442 2901 signi-

397 2876 469 2933 t¹¹¹⁵
491 2887 586 2953 ῬΜ
608 2877 812 2954 9¹³²⁵e¹¹t²⁸
836 2867 947 2936 ⁰⁰¹¹l¹⁸
971 2879 1103 2984 ¹J⁰⁵fr¹⁸
1123 2865 1250 2982 ⁵¹¹¹J¹¹⁰¹
1274 2879 1391 2936 ΜΠ·
1443 2902 1561 2970 licavit
1585 2924 1665 2969 arca
1681 2902 1855 2986 foederis,
1882 2927 1989 2996 quarn
2007 2907 2046 2975 in
2062 2907 2128 2978 illo
2144 2916 2311 2985 transitu
2328 2914 2441 3007 populi

397 2989 550 3081 ΜΨ·
611 2964 776 3082 ‚Tantum
815 2968 940 3084 iumen
980 2993 1065 3058 ¹P⁵¹⁸
1096 2970 1198 3037 ἠως
1236 2991 1391 3038 ⁰⁰m¹¹¹²⁸
1443 3014 1618 3093 gestantes
1631 3007 1844 3086 sacerdotes,
1870 3007 1956 3074 dum
1976 3020 2157 3082 steterunt
2174 3014 2217 3083 in
2236 3018 2360 3086 medio
2375 3015 2439 3085 lor·

398 3079 554 3136 motatio
589 3080 946 3187 circumstantiarum·
973 3071 1094 3187 affert,
1137 3080 1389 3186 praeterquam
1443 3108 1555 3189 dane,
1580 3125 1674 3200 ,qua
1689 3107 2362 3203 superiorfluminisproculcollecta,
2387 3121 2438 3188 de·

397 3171 498 3286 quf’d
524 3169 638 3287 “mim
673 3184 780 3289 ‘usim
815 3172 991 3243 ‘mmm
1016 3196 1156 3242 ³¹¹¹¹¹¹⁰⁸
1183 3174 1389 3292 “ud'mfuf'
1442 3207 1536 3291 labi,
1562 3217 1741 3279 “nocere
1756 3208 1928 3282 Hebraeis
1944 3236 2018 3282 non
2037 3219 2166 3308 potuit.
2205 3220 2259 3290 lta
2277 3219 2438 3295 Christus

396 3272 496 3354 tent,
537 3296 636 3343 curus
670 3297 723 3342 rer
750 3297 862 3343 unum
889 3271 958 3343 hoc
985 3301 1168 3346 sumamus
1195 3299 1237 3343 ex
1261 3274 1390 3347 Biblos
1442 3310 1905 3397 victormortqsetdiabolq‚
1929 3310 2238 3409 hocipwfnpoco
2255 3323 2438 3417 baptizari

397 3374 612 3464 exemplum·
1442 3413 1575 3496 voluit,
1607 3440 1680 3508 quo
1705 3438 1787 3483 arca
1814 3416 1875 3483 illa
1898 3418 2052 3491 foederis
2075 3434 2236 3508 steterat,
2271 3437 2308 3494 et
2322 3450 2436 3520 saepe

498 3473 538 3545 8¹
565 3477 774 3569 ‘impliciter
799 3479 941 3547 numi
960 3480 1110 3598 ,affuli‘ffi’
1142 3478 1316 3570 P⁰P¹1¹¹¹¹¹¹
1340 3476 1390 3550 h'
1440 3528 1562 3607 postea
1587 3516 1678 3586 circa
1703 3512 1791 3587 haec
1810 3521 1936 3588 eadem
1950 3521 2031 3592 loca
2047 3540 2208 3598 versatus
2225 3540 2297 3610 est,
2324 3530 2434 3598 etiam

398 3576 597 3649 raelrtrcum
621 3592 873 3669 postmortem
893 3581 1018 3651 Morsrs
1037 3609 1057 3651 a
1074 3580 1177 3652 losua
1194 3581 1386 3652 abductum
1439 3619 1548 3710 paulo
1573 3632 1655 3688 ame
1680 3622 1881 3709 passionem
1903 3646 2022 3709 mam,
2045 3639 2091 3697 m.
2113 3642 2217 3720 pam
2236 3654 2280 3700 ex
2298 3634 2430 3701 decimo

398 3678 444 3744 ad
466 3674 679 3761 [Ordflsseffis
713 3694 753 3751 Ut
775 3695 906 3751 lessam
933 3685 1146 3776 110Ιῃίδδέυῃ
1165 3686 1310 3753 tandem
1330 3709 1388 3754 ⁰⁰·
1439 3721 1556 3813 capite
1577 3717 1766 3803 iohannis,
1801 3736 1841 3792 ut
1865 3723 2100 3815 significaret,
2127 3756 2165 3802 se
2189 3736 2304 3804 simili
2330 3738 2429 3805 modo

1438 3826 1685 3894 traducturum
1719 3849 1793 3894 esse
1824 3850 1925 3895 suam
1952 3829 2148 3902 Ecclesiam
2186 3862 2256 3929 per
2283 3841 2427 3909 mediam

1438 3939 1611 4010 mortem,
1647 3939 1683 3994 et
1713 3927 1873 4018 ingentes
1901 3926 2005 4003 huiu's
2028 3934 2123 4006 vitae
2147 3962 2369 4026 aerumnas,
2398 3942 2429 4010 iu

1437 4041 1569 4097 terram
1587 4029 1822 4120 promissam,
1856 4027 1925 4101 hoc
1940 4046 2010 4118 est,
2044 4036 2083 4104 in
2101 4041 2219 4111 vitam
2242 4058 2428 4115 aeternam.

1539 4130 1677 4202 Rursus
1691 4135 1720 4202 si
1738 4135 1894 4204 eiusdem
1912 4136 2067 4207 mirandi
2082 4145 2267 4218 transitus
2285 4173 2351 4241 per
2366 4144 2428 4216 lor-

1532 4258 1588 4316 m,
1614 4236 1765 4304 alteram
1781 4260 1925 4331 quoque
1941 4238 2272 4333 circumstantiam,
2302 4264 2429 4344 tempus

1437 4333 1612 4419 videlicet,
1633 4338 1846 4422 consideres,
1874 4341 2008 4412 videbis
2023 4341 2141 4417 adhuc
2158 4351 2302 4424 elarius
2318 4366 2429 4447 poten-

1437 4436 1522 4505 tiam
1554 4452 1590 4508 et
1620 4441 1817 4512 honitatem
1842 4440 1910 4511 Dei
1936 4440 2001 4513 hac
2025 4448 2134 4518 etiam
2160 4454 2428 4528 circumstantia

1436 4538 1617 4612 illustrari.
1650 4541 1818 4634 Legimus
1832 4548 1927 4613 enim
1945 4551 2118 4639 populum
2134 4560 2354 4631 traductum
2368 4582 2428 4631 esst

1436 4643 1554 4732 primo
1578 4669 1700 4716 mense
1723 4649 1810 4715 anni
1833 4647 2021 4734 Rebi-aiei,
2048 4654 2131 4746 qui,
2159 4670 2205 4727 ut
2229 4660 2329 4732 infra
2350 4664 2428 4732 dice

1436 4757 1515 4829 tur,
1541 4760 1665 4818 nostro
1688 4750 1806 4839 Aprili
1830 4764 1917 4820 tunc
1938 4754 2011 4822 lere
2033 4763 2313 4849 respondebat,
2345 4764 2428 4860 quod

1436 4861 1513 4916 erat
1528 4851 1651 4920 messis
1667 4851 1830 4935 initium,
1857 4879 1928 4948 quo
1944 4869 2106 4948 tempore
2122 4858 2302 4939 iordanis
2318 4870 2428 4939 solitus

1434 4951 1502 5019 luit
1525 4955 1719 5046 quotannis
1742 4956 1790 5024 ita
1818 4956 1925 5047 pleno
1949 4959 2050 5030 alveo
2076 4962 2215 5050 liuere,
2250 4983 2297 5039 ut
2320 4972 2428 5041 ambas

1435 5053 1532 5145 ripbs
1548 5080 1623 5125 non
1637 5058 1801 5149 impleret
1817 5060 1952 5146 solum,
1978 5066 2038 5132 sed
2056 5066 2165 5135 etiam
2189 5076 2428 5162 egrederetur.

1434 5156 1544 5249 Quod
1578 5159 1694 5251 ipsum
1727 5162 1868 5231 videtur
1900 5164 2079 5255 singulare
2111 5168 2185 5239 Dei
2220 5176 2429 5250 beneficium

400 1505 551 1598 Segnius
569 1504 713 1574 irritant
728 1505 887 1574 animum
906 1506 1056 1574 demissa
1072 1529 1136 1596 per
1152 1527 1267 1586 aures,

451 1609 570 1702 Quam
588 1632 680 1702 quae
699 1620 783 1677 sunt
799 1607 911 1678 oculis
928 1607 1117 1676 commissa
1136 1607 1311 1675 fidelibus.

399 1725 452 1814 lta
475 1743 626 1812 omnino
651 1742 856 1832 experimur
878 1766 1023 1826 omnes,
1064 1740 1171 1828 etiam
1195 1740 1394 1832 insignibus

398 1846 502 1918 lactis
534 1845 628 1914 nude
661 1844 839 1926 recitatis,
871 1845 947 1914 sine
981 1843 1221 1936 descriptione
1255 1856 1394 1934 tempo·

400 1947 470 2034 ris,
494 1948 680 2029 locorum,
707 1957 742 2012 et
762 1947 914 2014 aliarum
933 1945 1302 2030 circumstantiarum,
1328 1946 1393 2014 mi·

399 2074 468 2120 nus
482 2073 549 2118 nos
565 2047 669 2129 affici,
695 2072 811 2141 neque
827 2048 875 2116 ita
893 2048 962 2117 alte
979 2051 1101 2120 sedere
1117 2046 1394 2119 animisnostris

401 2176 443 2222 ea
461 2152 559 2243 ipsa,
585 2174 677 2243 quae
694 2151 752 2218 vel
766 2152 857 2219 lecta
877 2152 933 2221 vel
948 2152 1070 2221 audita
1087 2163 1190 2234 sunt,
1216 2151 1266 2220 ita
1282 2151 1393 2241 negli-

400 2266 524 2346 genter
539 2252 738 2344 proposita.

397 3792 567 3868 cuperet,
600 3781 763 3850 traiicere
793 3785 929 3852 flumen
960 3811 1035 3854 non
1061 3786 1239 3878 potuisse,
1271 3788 1387 3857 donec

395 3881 472 3950 eius
495 3904 618 3952 cursus
642 3882 762 3950 divina
783 3887 942 3975 potentia
961 3883 1155 3970 inhibitus,
1181 3889 1387 3978 praebuerit

395 3994 512 4051 tutum
537 3984 726 4053 transitum
749 3987 816 4054 toti
841 3987 1063 4059 multitudini
1084 4015 1148 4082 per
1169 3990 1259 4061 sicca
1276 3994 1385 4061 vada:

393 4084 574 4154 videbitur
597 4085 633 4154 id
656 4086 801 4179 quidem
824 4089 889 4158 tibi
909 4090 1185 4177 miraculosum,
1212 4106 1247 4162 et
1266 4094 1386 4184 singu-

393 4186 468 4257 lare
495 4212 585 4278 opus
599 4188 668 4257 Dei
682 4187 712 4286 ¹)
734 4191 861 4276 fuisse,
894 4196 956 4264 sed
982 4208 1079 4264 tanta
1098 4196 1173 4265 eius
1192 4196 1383 4266 admiratio
1437 4232 1530 4300 dane

395 4301 429 4358 te
444 4313 519 4358 non
535 4292 671 4383 capiet,
698 4306 832 4385 quanta
851 4297 1004 4367 debebat
1021 4311 1054 4367 et
1071 4310 1231 4389 poterat,
1265 4300 1385 4373 obser·

393 4392 485 4462 vatis
507 4394 793 4466 circumstantiis.

496 4495 659 4566 Primum
687 4498 782 4566 enim
806 4498 943 4592 aliquid
960 4500 1049 4570 lucis
1066 4502 1268 4570 narrationi
1286 4527 1385 4574 acce-

393 4595 472 4676 det,
499 4597 528 4663 si
551 4601 797 4683 admonearis,
823 4602 883 4670 illa
908 4614 1009 4695 parte
1031 4604 1187 4695 regionis
1206 4602 1385 4679 israelitas

392 4718 457 4786 per
480 4693 670 4771 Iordanem
695 4703 919 4788 transivisse,
950 4705 1013 4775 ubi
1035 4705 1065 4775 is
1089 4706 1226 4778 vicinus
1249 4710 1383 4800 oppido

392 4923 493 4969 mare
511 4902 696 4976 Mortuum
712 4907 850 4992 influit,
878 4922 1001 4980 auctus
1016 4910 1115 5002 prius
1131 4913 1296 5003 plurimis
1311 4927 1384 4985 tor-

391 5004 553 5075 rentibus
572 5020 606 5076 et
624 5008 831 5081 fluminibus
852 5012 948 5099 aliis,
973 5013 1034 5106 qui
1048 5013 1086 5107 in
1102 5014 1218 5105 ipsum
1235 5043 1319 5089 suos
1333 5019 1384 5086 al-

391 5128 477 5175 veos
498 5124 706 5181 exonerant.
773 5113 895 5206 Quare
919 5140 1058 5187 neccsse
1084 5131 1136 5188 est
1160 5118 1209 5188 ibi
1232 5120 1380 5207 lluviuru¹

390 5208 506 5277 multo
530 5211 636 5281 foisse
659 5213 823 5284 latiorem
846 5230 881 5286 et
894 5220 1187 5311 profundiorem,
1217 5248 1326 5316 quam

389 5310 499 5396 locis,
525 5338 617 5409 quae
638 5327 721 5385 sunt
735 5317 910 5389 viciniora
928 5322 1003 5393 eius
1019 5323 1189 5396 lontibus.

1343 5227 1381 5293 ¹¹¹
1433 5260 1559 5344 fuisse,
1586 5264 1650 5356 qui
1671 5260 1737 5332 hac
1759 5268 1999 5337 exundatione
2023 5267 2212 5360 Iordanis,
2242 5304 2316 5351 eeu
2340 5304 2429 5353 muro

1434 5374 1469 5431 et
1486 5365 1580 5433 vallo
1596 5368 1789 5459 quotannis
1806 5371 1946 5440 munire
1964 5374 2077 5443 voluit
2099 5376 2159 5443 illa
2184 5380 2273 5452 loca
2301 5386 2432 5455 fertilis·

394 5501 600 5516 „—
1328 5558 1330 5563 .
1433 5465 1543 5549 sima,
1576 5471 1795 5540 continentia
1824 5473 2041 5564 singularem
2065 5477 2168 5548 illum
2195 5497 2236 5555 et
2260 5486 2434 5561 nobilissi-

426 5614 454 5680 t)
480 5627 550 5676 opus
574 5621 641 5681 Dei]
666 5621 709 5670 sio
732 5620 818 5675 urta
846 5618 1010 5688 (a.lbbl.);
1043 5626 1091 5674 lid.
1108 5630 1130 5676 t.
1158 5630 1307 5688 (1.1560.)
1330 5629 1382 5680 Del

458 5694 536 5746 opus.
1468 5696 1500 5763 2)
1518 5700 1616 5760 sitan]
1634 5702 1684 5754 tat
1700 5705 1723 5753 t.
1743 5707 1802 5768 tn.
1822 5716 1933 5758 more:
1959 5713 2015 5761 tn·

2475 5626 2478 5743 l

2473 6102 2477 6332 l
